1971 3517
1709 206 1746 265 9

90 395 195 439 tera
239 382 512 438 frontem
554 402 641 436 seu
680 385 803 435 scuti
842 366 1027 452 partem
1066 383 1274 433 mediam
1324 382 1473 433 ambit
1510 387 1558 430 et
1595 396 1624 430 a
1661 396 1754 444 ge-

89 485 214 545 nis,
253 483 471 548 partibus
523 477 829 541 lateralibus,
887 481 1103 546 disparat
1151 478 1404 547 (sutura
1441 477 1544 527 sive
1581 476 1753 526 linea

91 578 400 645 facialis).
459 579 645 627 Cursus
684 577 843 625 lineae
881 575 1068 625 facialis
1106 574 1232 625 alius
1259 565 1312 623 ‘in
1351 573 1460 622 aliis
1487 571 1753 622 Trilobita-

89 691 197 725 rum
235 673 510 739 generibus.
588 673 711 721 Cum
759 671 1022 736 tegumenti
1061 670 1342 719 animalium
1382 667 1751 717 articulatorum

93 770 241 819 modo
292 766 542 818 crescendi
593 767 793 817 omnino
851 771 1089 831 repugnet
1145 765 1249 815 eius
1299 769 1488 830 partem
1545 762 1753 827 primum

93 864 375 915 continuam
413 863 570 912 serius
592 869 663 912 'se
700 862 750 910 in
789 861 956 927 plures
996 852 1234 921 dividere,
1273 875 1438 923 causa,
1478 874 1575 924 qua
1612 862 1760 922 caput

93 961 144 1009 in
182 944 354 1024 plures
401 964 565 1023 partes
615 963 894 1022 separetur,
951 956 1113 1007 solum
1169 956 1220 1005 in
1275 954 1517 1021 primitiva
1574 952 1761 1001 annulli

50 1112 62 1119 l
95 1055 480 1104 Articulatorum
542 1052 932 1103 conformatione
988 1051 1269 1118 quaerenda
1325 1055 1412 1100 est.
1507 1052 1761 1114 Quaenam

95 1143 400 1214 comparatio
441 1154 600 1198 autem
637 1148 818 1197 clarior
835 1147 1043 1209 videtur,
1083 1163 1227 1213 quam
1268 1146 1441 1195 frontis
1476 1162 1584 1194 cum
1607 1150 1763 1208 tergo,

99 1262 332 1310 genarum
387 1262 506 1305 cum*
538 1243 706 1308 primis
745 1243 996 1308 epimeris,
1054 1259 1317 1308 processus
1356 1241 1600 1290 inferioris
1639 1239 1764 1289 scuti

100 1358 210 1390 cum
251 1341 532 1406 episterno?
571 1341 705 1389 Haec
745 1335 904 1388 autern
944 1338 1247 1403 comparatio
1287 1337 1526 1402 probatur
1563 1336 1767 1400 insuper

100 1436 358 1486 oculorum
398 1436 493 1485 situ
543 1441 590 1485 et
629 1434 825 1499 organis
864 1435 1178 1500 quibusdam,
1226 1449 1351 1499 quae
1395 1432 1445 1481 in
1494 1431 1647 1480 latere
1686 1447 1768 1479 ca-

99 1532 211 1597 pitis
250 1531 424 1603 infero·
448 1531 510 1579 ad
548 1535 765 1580 suturam
805 1530 1026 1579 facialem
1086 1530 1232 1578 affixa
1270 1533 1383 1578 sunt
1421 1532 1468 1577 et
1516 1527 1578 1575 ad
1617 1542 1769 1591 appa-

102 1632 261 1676 ratum
311 1625 596 1690 ingestionis
643 1625 887 1691 pertinere
938 1625 1196 1675 videntur„
1265 1623 1394 1674 Nam
1445 1639 1616 1673 omnes
1657 1621 1771 1670 arti-

103 1723 328 1772 culorum
375 1721 718 1784 extremitates,
758 1721 922 1786 pedes,
962 1721 1200 1781 maxillas,
1238 1719 1562 1780 mandibulas,
1602 1723 1772 1766 anten-

105 1834 210 1879 nas,
250 1817 438 1876 oculOS‚
478 1816 608 1876 alaS‚
654 1816 791 1866 nasci
840 1816 1067 1865 videntur
1103 1816 1186 1865 ubi
1224 1821 1414 1880 tergum
1454 1820 1501 1863 et
1551 1819 1768 1863 sternum

101 1930 214 1962 cum
265 1911 492 1977 epimeris
540 1912 641 1962 suis
685 1929 743 1983 *se
798 1913 1118 1976 coniungunt.
1193 1911 1281 1961 His
1345 1910 1560 1960 tractatis
1611 1925 1769 1973 pauca

106 2009 167 2057 de
206 2007 409 2072 singulis
449 2007 622 2072 capitis
674 2008 892 2073 partibus
933 1991 1226 2072 adiungam.>
1283 2006 1489 2056 Frons
1528 2004 1776 2054 rarissime

107 2103 427 2170 aequabiliter
465 2119 710 2164 convexa,
748 2103 925 2165 laevis,
988 2088 1271 2169 saepissime
1309 2101 1529 2168 possidet
1569 2100 1777 2153 mediam

105 2205 295 2264 partem
333 2215 361 2247 a
398 2198 548 2248 sulci-s
585 2199 828 2249 rhachidis
867 2199 1076 2250 dorsalis
1127 2197 1420 2249 continuatis
1474 2195 1780 2246 circumscri-

110 2301 256 2360 ptam,
293 2294 571 2373 glabellam,
606 2286 980 2359 preminentiam
1019 2296 1098 2345 vel
1137 2294 1552 2360 protuberantiam
1594 2294 1781 2341 fronta—

110 2390 207 2440 lem
248 2390 438 2439 dictam.
518 2390 663 2439 Oculi
685 2384 945 2456 compositi
982 2391 1094 2441 huic
1131 2389 1529 2456 protuberantiae
1554 2388 1630 2438 vel
1651 2404 1780 2436 mar-

111 2486 210 2551 gini
261 2486 432 2550 capitis
479 2482 670 2535 laterali
709 2487 1119 2553 propinquiores,
1168 2502 1363 2550 semper
1401 2501 1613 2550 superne
1651 2483 1782 2532 linea

111 2582 273 2631 faciali
312 2581 566 2643 terminati,
604 2581 654 2630 in
690 2583 829 2647 genis
868 2583 946 2633 siti
968 2588 1113 2632 *sunts
1189 2581 1463 2631 Oculorum
1483 2584 1781 2631 structuram

116 2676 495 2726 diversissimam
536 2693 656 2739 esse,
695 2679 928 2728 ccrneam
967 2678 1116 2728 modo
1155 2674 1786 2743 granuloso-reticulatam

33 2811 38 2817 .
114 2772 338 2833 (areolae
374 2788 667 2837 permagnae
707 2790 889 2823 cornea
925 2772 1396 2833 lenticulari-sormi)
1436 2771 1586 2821 modo
1626 2768 1784 2819 subti-

114 2868 298 2926 lissime
336 2866 658 2930 reticulatam,
698 2868 847 2929 modo
867 2868 1210 2930 laevissinmm,
1249 2868 1512 2934 praecipue
1533 2881 1786 2916 commen-

117 2963 300 3012 tatione
319 2961 477 3012 Amic.
499 2964 770 3027 Quenstedt
808 2962 1368 3029 (Wiegmann’sArchiv
1412 2961 1563 3012 1837.
1601 2961 1684 3009 ΙΙΙ.
1707 2959 1785 3025 4.)

91 3058 237 3109 satis
301 3062 504 3107 constat.
598 3059 654 3107 In
710 3058 934 3124 pluribus
982 3047 1233 3110 Trilobitis
1296 3058 1429 3110 oculi
1483 3072 1665 3107 cornea
1727 3054 1791 3127 ob

122 3146 403 3202 ten'uit'atem
454 3169 622 3216 suam,
672 3158 727 3203 ut
772 3153 987 3217 videtur,
1039 3156 1289 3206 destructa
1331 3153 1434 3218 est,
1482 3144 1582 3219 quo
1631 3150 1791 3200 hiatus

123 3248 170 3296 iu
221 3264 344 3311 gena
392 3248 453 3296 ad
511 3248 686 3299 lineam
737 3250 959 3301 facialem
1017 3251 1137 3301 situs
1194 3249 1443 3301 oriebatur
1490 3246 1792 3310 (Calymene,
