1971 3517
134 207 214 262 52

129 378 312 444 Angnli
363 381 551 445 postice
591 382 637 428 in
680 396 867 429 cornua
908 380 1207 443 divergentia
1258 386 1530 429 extenuata.
1607 381 1805 430 Limbus

128 475 219 525 iste
268 476 485 540 granulis
537 476 751 539 minutis,
793 475 1094 540 aequalibus,
1144 476 1512 539 approximatis,
1552 476 1601 524 in
1653 475 1806 525 series

130 570 517 636 longitudinales
569 572 866 621 alternantes
917 570 1168 634 dispositis
1218 571 1531 631 reticulatus;
1589 577 1803 620 ceterum

51 677 59 684 '
127 683 227 732 quo
266 667 412 716 latior
449 667 628 717 limbus
665 684 838 717 versus
861 667 1093 731 angulum
1133 668 1392 731 posticum,
1432 683 1492 716 eo
1531 667 1690 716 maior
1728 683 1806 716 se-

126 763 308 812 rierum
348 779 604 821 numerus;
646 768 758 812 ante
800 757 975 812 oculos
1013 761 1174 825 3--1,
1217 762 1408 826 postice
1446 760 1604 811 5—6.
1680 763 1806 812 Pro-

126 858 400 908 tuberantia
438 859 664 908 frontalis
706 864 926 923 angusta,
950 858 1124 907 antice
1164 858 1376 920 dilatata,
1415 857 1691 919 rotundat-a,
1731 857 1806 906 in-

126 955 253 1016 flata,
291 954 494 1004 limbum
535 955 791 1019 attingens.
878 954 1029 1003 Linea
1079 954 1268 1003 facialis
1320 944 1546 1003 distincta
1607 949 1635 1002 a
1687 969 1804 1017 pro-

124 1050 401 1100 tuberantia
438 1033 637 1100 frontali
666 1056 878 1112 remota,
917 1050 997 1099 cui
1035 1050 1085 1099 in
1127 1050 1286 1099 media
1339 1048 1646 1114 longitudine
1685 1065 1805 1113 pro-

123 1147 270 1207 xima,
306 1146 571 1208 biarcuata,
609 1140 798 1213 postice
838 1151 885 1195 et
924 1146 1081 1196 antice
1119 1146 1250 1195 intus
1288 1146 1434 1207 flexa,
1478 1144 1663 1210 absque
1699 1144 1804 1192 nlla

127 1242 385 1292 oculorum
409 1242 706 1292 indicatione
744 1259 836 1291 nec
870 1242 919 1291 in
961 1242 1139 1291 nucleo
1180 1241 1342 1305 necin
1378 1245 1555 1305 ectypa
1585 1245 1801 1290 externa.
1825 1276 1849 1298 ἢ

129 1338 367 1388 Thoracis
389 1344 524 1403 terga
544 1339 788 1403 profunde
810 1338 1012 1398 sulcata,
1028 1338 1230 1402 pleurae
1249 1336 1621 1386 horizontaliter
1639 1317 1800 1401 expan

125 1451 223 1496 sae,
244 1434 382 1500 apice
422 1435 654 1494 deflexae,
695 1434 836 1484 sulco
859 1433 1107 1498 diagonali
1144 1433 1341 1482 levi—
1383 1431 1800 1481 Abdomentrun-

128 1530 618 1594 cato-triangulare,
680 1530 909 1579 rhachide
961 1529 1023 1578 ad
1073 1529 1339 1593 marginem
1390 1545 1546 1593 nsque
1596 1543 1800 1592 progre-

134 1627 308 1689 diente,
346 1627 498 1675 limbo
525 1625 933 1676 7—8-——costato
972 1625 1256 1691 pleurarum
1297 1624 1631 1673 distinctarum
1671 1640 1800 1672 mar-

125 1723 332 1787 ginibus.
382 1726 385 1730 '

269 1820 411 1868 Hanc
469 1819 684 1884 speciem
740 1820 803 1869 ad
863 1817 1163 1883 exemplaria
1220 1834 1249 1865 a
1316 1818 1460 1866 Dom.
1515 1817 1700 1865 Krantz
1749 1816 1796 1863 in

125 1914 361 1964 Hibernia
399 1915 528 1964 lecta
562 1916 902 1964 concinnatam
944 1914 1117 1964 offero.

390 2010 437 2062 7.

271 2107 331 2156 A.
372 2107 529 2171 capite
568 2112 874 2167 transverso,
915 2103 1540 2170 trapezoideo-i·otundato‚
1577 2101 1795 2166 granulis

515 2011 576 2062 A.
616 2011 988 2060 fimbriatus
1027 2008 1372 2058 Murchinson.

127 2200 326 2268 oblique
373 2202 587 2252 seriatis:
637 2203 857 2252 seriebus
907 2201 1099 2266 postice
1150 2187 1303 2264 magis
1344 2198 1594 2265 magisque
1634 2198 1793 2246 diver-

125 2298 373 2363 gentibus,
441 2298 673 2348 cornibus
736 2297 1124 2362 diverge11tibus3
1202 2295 1462 2345 abdomine
1522 2293 1794 2353 articulato,

127 2398 344 2445 costato:
383 2394 531 2443 costis
570 2394 798 2460 utrinque
846 2393 920 2442 12.
1315 2380 1319 2381 ⁷

345 2491 429 2540 Tr.
466 2490 737 2538 fimbriatus
776 2488 1048 2538 Murchins.
1089 2489 1124 2538 l.
1163 2504 1206 2538 c.
1245 2488 1445 2537 XXIV.
1483 2485 1517 2534 2

345 2586 469 2635 Cum
508 2585 826 2635 antecedente
864 2585 915 2633 in
952 2584 1119 2634 Vallia
1158 2589 1204 2632 et
1243 2583 1491 2632 Hibernia.

388 2680 436 2730 8.
514 2680 587 2730 A?
651 2681 940 2730 radiatus
979 2681 1174 2729 Murch.

272 2776 331 2826 A.
367 2777 525 2841 capite
562 2774 1249 2843 rotundato-quadrangulari,
1289 2774 1522 2823 cornibus
1544 2773 1791 2834 brevibus,

129 2872 348 2937 granulis
398 2878 509 2921 ante
560 2873 766 2922 frontem
816 2872 866 2920 in
905 2861 1027 2920 duas
1078 2870 1230 2920 series
1268 2868 1676 2934 longitudinales,
1730 2863 1792 2916 ad

126 2965 280 3016 latera
318 2968 366 3015 in
406 2968 557 3017 series
597 2968 659 3016 ad
699 2967 978 3032 marginem,
1011 2966 1308 3015 exteriorem
1348 2965 1595 3014 radiantes
1624 2963 1790 3027 dispo-

127 3063 243 3112 sitis.
322 3063 594 3112 Murchins.

346 3158 639 3208 Trinucleus
679 3158 894 3207 radiatus
915 3156 1241 3207 Murchinson
1292 3157 1322 3205 L
1364 3174 1404 3204 e.
1445 3157 1524 3219 fig.
1565 3155 1790 3205 3a--b.
1849 3206 1853 3207 ⁷

343 3254 465 3303 Cum
507 3253 905 3315 antecedentibus
947 3253 994 3301 in
1033 3252 1215 3301 Vallia.
