1971 3517
610 1149 729 1212 DE}
778 1150 1280 1214 TRILOBITIS.

124 1277 334 1384 Quum
373 1318 510 1367 nulla
547 1320 926 1383 petrefactorum
966 1318 1149 1368 familia
1182 1336 1210 1368 a
1239 1324 1312 1370 tot
1331 1319 1448 1371 viris
1470 1320 1666 1384 ingenio
1706 1339 1791 1373 ex-

119 1413 411 1481 cellentibus
452 1402 522 1451 —4
562 1414 968 1479 Wahlenbergio,
1011 1398 1366 1479 Bronghiarto,
1403 1415 1683 1466 Dalmanno
1722 1447 1786 1478 ÷=

117 1513 323 1558 tractata
362 1509 444 1571 sit,
496 1526 639 1575 quam
679 1509 1026 1559 Trilobitarum
1068 1511 1275 1573 familia,
1324 1511 1522 1560 difficile
1561 1529 1679 1562 sane
1716 1514 1789 1563 vi-

119 1604 316 1653 debitur
349 1596 546 1654 illorum
564 1605 756 1670 scriptis
795 1621 974 1654 novam
1009 1606 1467 1656 commentationem
1504 1608 1783 1673 adiungere,

119 1700 328 1748 maxime
349 1700 681 1764 periculosum
715 1706 876 1749 antem
890 1700 1268 1765 dispositionem
1289 1679 1666 1767 systematicam,
1704 1721 1786 1754 ae-

115 1800 214 1844 tate
254 1795 347 1843 iam
400 1802 763 1857 consecratam,
813 1796 1083 1844 immutare.
1159 1798 1345 1845 Tamen
1396 1813 1471 1846 ex*
1504 1798 1613 1863 ipsa
1651 1816 1786 1849 com-

116 1891 415 1939 mentatione
471 1892 578 1940 fore
633 1896 687 1939 ut
736 1890 927 1941 eluceat
976 1907 1150 1956 sper0,
1204 1907 1307 1941 non
1362 1908 1782 1957 supervacaneum

115 1973 266 2035 fuisse
307 1986 656 2035 Trilobitarum
706 2003 886 2051 genera
935 1987 1107 2035 iterum
1144 1986 1463 2050 perlustrare.
1535 1987 1701 2056 Atque
1740 1991 1782 2040 si

115 2082 166 2130 id
205 2081 439 2143 elucebit,
487 2087 622 2131 certo
662 2082 880 2131 omnium
919 2098 1091 2131 eorum
1129 2083 1321 2132 veniam
1358 2083 1657 2149 impetrabo,
1696 2086 1779 2153 qui

114 2177 195 2228 vel
246 2177 679 2242 petrefactologiae
735 2178 813 2227 vel
852 2177 1110 2242 geologiae
1151 2178 1312 2228 studia
1349 2167 1420 2229 et*
1448 2196 1651 2246 operam
1691 2181 1778 2231 tri-

114 2272 283 2323 buunt.
361 2277 475 2339 Quo
516 2273 732 2338 aptiores
771 2273 898 2322 enim
937 2273 999 2322 ad
1036 2273 1229 2338 singula
1262 2275 1569 2326 formationis
1605 2276 1783 2327 transi-

113 2370 270 2418 toriae
309 2374 458 2418 strata
505 2368 827 2418 discernenda
866 2368 1133 2418 Trilobitae
1171 2369 1353 2434 cogniti
1401 2375 1540 2431 sunt,
1593 2371 1777 2438 quippe

114 2464 197 2530 qui
233 2464 376 2513 huius
415 2464 718 2527 formationis
756 2463 972 2514 terminis
1010 2472 1347 2529 coerceantur,
1387 2472 1531 2533 atque
1568 2467 1777 2517 mirabili

114 2560 381 2609 formai-um
417 2559 651 2609 varietate
700 2560 974 2609 excellant:
1016 2576 1076 2610 eo
1116 2561 1390 2611 accuratius
1427 2563 1652 2626 profecto
1689 2580 1774 2613 eo—

114 2671 222 2703 rum
271 2665 457 2719 genera
500 2660 548 2704 et
594 2656 784 2720 species
834 2656 1175 2720 distinguenda
1224 2673 1284 2706 ac
1332 2656 1775 2708 circumscribenda

114 2755 253 2799 sunt:
300 2757 413 2799 nam
451 2750 659 2801 aliorum
710 2755 974 2801 stratorum
1026 2751 1150 2801 aliae
1189 2740 1547 2802 Trilobitarum'
1586 2742 1775 2804 formae

110 2845 354 2910 propriae.

256 2941 502 3006 Proposui
538 2941 685 3006 igitur
721 2942 835 2992 mihi
860 2943 1092 2993 certiores
1130 2959 1362 3008 generum
1400 2943 1523 2994 fines
1561 2949 1772 2994 statuere

112 3015 412 3104 speciesque,
449 3053 574 3102 quae
594 3038 711 3088 satis
730 3043 876 3088 notae
897 3044 1025 3103 sunt,
1047 3039 1298 3090 nonnullis
1328 3038 1470 3089 novis
1490 3039 1666 3089 additis
1687 3040 1770 3089 de-

109 3131 339 3182 scribere.
378 3133 519 3197 Opus
544 3137 618 3183 est
636 3136 809 3196 autem,
840 3139 895 3184 ut
925 3138 1068 3186 antea
1099 3134 1159 3184 de
1178 3134 1407 3185 universa
1425 3122 1771 3212 Trilob'itarum

109 3230 284 3279 natura
309 3233 358 3278 et
378 3227 545 3279 indole
582 3244 852 3296 eorumque
890 3231 1148 3295 generibus
1188 3231 1345 3281 adhuc
1364 3231 1573 3296 receptis
1612 3231 1772 3280 brevi-
