1971 3517
1744 275 1826 333 55

384 448 738 511 Calymene
797 447 1222 497 arachnoidea
1287 446 1452 496 Goldf.
1514 448 1829 513 Hoenighaus

381 543 429 592 in
468 543 556 592 litt.

307 638 491 687 Fronte
544 638 702 687 antice
741 638 966 699 dilatata,
1016 638 1245 704 utrinque
1283 637 1317 686 3
1367 637 1536 687 lobata
1587 638 1832 698 (similiter

162 733 292 782 acin
313 735 543 799 Phacope
564 741 901 798 mucronato),
923 734 1082 784 oculis
1111 733 1691 798 granuloso·reticulatis,
1730 750 1832 783 ma-

160 829 319 879 ximis.

307 924 508 989 Species
558 925 679 974 haec
728 930 864 974 certo
919 941 1041 989 prae
1091 925 1199 974 aliis
1246 924 1559 990 indagatione
1607 925 1833 990 rigorose.

162 1020 308 1085 digna
352 1026 439 1070 est.

306 1114 386 1165 An
427 1115 801 1182 Cryphaeorum
840 1116 1029 1181 species
1064 1119 1167 1167 est?

360 1212 755 1277 ‘Cryphaeus
802 1228 852 1261 n.
899 1228 1010 1276 gen.
1061 1213 1228 1262 Green
1277 1212 1573 1264 Sillimann’s
1629 1215 1832 1265 Iournal

384 1305 540 1357 1837.
575 1308 791 1356 XXXII
829 1308 1015 1357 Leonh.
1055 1314 1102 1357 et
1139 1309 1286 1358 Bonn
1324 1309 1484 1358 Iahrb.
1531 1308 1685 1362 1838.

305 1402 461 1452 Illust.
504 1402 705 1452 Greenii
745 1403 1008 1468 descriptio
1047 1403 1190 1453 huius
1228 1405 1421 1468 generis
1463 1411 1560 1454 tam
1599 1422 1726 1471 vaga
1745 1411 1833 1470 est,

159 1506 215 1549 ut
256 1516 361 1548 eam
399 1499 618 1563 recipere
656 1515 758 1548 non
795 1499 997 1563 possim.
1076 1500 1283 1548 Ommisi
1322 1500 1468 1549 etiam
1507 1501 1724 1551 eiusdem
1746 1519 1836 1552 au·-

162 1595 311 1645 ctoris
373 1610 556 1659 genera
615 1596 1070 1657 Cei-aurorum,
1127 1595 1518 1647 Paradoxidibus
1575 1598 1835 1663 proximo-

159 1708 268 1740 rum
308 1696 355 1740 et
392 1690 882 1741 Triarthrorum.

306 1786 668 1836 Murehinsonii
699 1786 869 1836 Genus
907 1784 1250 1851 Acidaspis
1285 1788 1410 1837 scuti
1449 1788 1672 1853 capitalis
1711 1805 1831 1840 con-

160 1882 452 1946 figuratione
489 1881 659 1947 generi
695 1898 807 1931 meo
849 1881 1257 1946 Odontopleurae
1294 1883 1590 1949 proximum.

707 2157 1282 2229 VITA.

467 2234 500 2254 ··

277 2290 366 2338 Ego
398 2290 755 2328 Hei-mannus
787 2289 1093 2340 Emmrich,
1126 2296 1248 2328 natus
1269 2303 1363 2328 sum
1389 2291 1637 2342 Meiningae
1675 2295 1828 2336 Mense

162 2364 288 2405 Febr.
321 2364 605 2405 MDCCCXV.
639 2371 753 2413 patre
783 2364 942 2414 optimo
985 2363 1057 2402 Ge
1077 2365 1230 2412 orgio
1261 2364 1565 2417 Emmrich,
1611 2381 1828 2409 sacrorum

156 2419 402 2476 ‘anticorum
443 2437 656 2486 antistite,
698 2439 823 2475 cuius
855 2438 1021 2475 obitum
1063 2439 1251 2476 secundo
1296 2452 1409 2476 anno
1440 2440 1593 2490 lugeo,
1639 2455 1662 2479 a
1694 2451 1827 2483 matre

160 2513 380 2549 carissima
411 2511 750 2549 Elisabetha
785 2524 806 2548 e
838 2518 965 2561 gente
996 2512 1235 2553 Amthor,
1298 2512 1580 2561 Gymnasium
1618 2516 1827 2556 Bernhar-

162 2586 331 2634 (linum,
364 2585 476 2634 quod
507 2591 610 2623 tunc
643 2585 730 2622 Cel.
766 2584 947 2622 Schau
961 2585 1100 2622 bach
1141 2585 1250 2622 (lnce
1282 2585 1475 2636 florebat,
1508 2600 1584 2636 per
1614 2596 1709 2627 octo
1751 2605 1827 2629 an-

162 2671 237 2697 nos
270 2659 552 2707 frequentavi.
623 2658 734 2695 Tum
766 2660 963 2695 examine
1006 2659 1265 2696 maturitatis
1298 2659 1376 2696 rite
1423 2660 1619 2699 absoluto
1650 2663 1697 2701 in
1727 2665 1824 2702 uni-

161 2732 403 2769 versitatem
435 2732 665 2780 Georgiam
697 2733 928 2779 Augustam
966 2731 1202 2782 profectus,
1249 2745 1273 2769 a
1305 2733 1395 2773 Cel.
1430 2733 1711 2786 Gieseler,
1743 2738 1824 2777 illo

161 2812 349 2855 tempore
381 2803 438 2855 (a.
456 2803 865 2854 MDCCCXXXIII)
910 2805 1168 2854 Protectore,
1201 2794 1378 2843 numero
1396 2806 1559 2844 civium
1587 2794 1823 2860 adscriptus

160 2890 239 2929 pet
269 2878 348 2915 tria
380 2878 597 2914 semestria
628 2878 693 2914 his
741 2878 1134 2915 lllustrissimorum
1176 2884 1218 2915 et
1258 2879 1600 2917 Clarissimorum
1634 2883 1823 2923 virorum.

159 2951 518 3002 praelectionibus
560 2951 760 2989 interfui:
805 2952 893 2994 Cet,
927 2951 1262 2989 Herbart.‹le
1294 2952 1610 2991 introductione
1652 2956 1698 2993 in
1729 2958 1822 3007 phi-

159 3025 397 3074 losophiam
413 3030 454 3061 et
469 3024 664 3073 logicam,
697 3024 787 3065 Cel.
818 3024 1008 3061 Ewald
1038 3024 1090 3061 de
1106 3025 1297 3073 psalmis,
1331 3025 1421 3063 Cel.
1453 3025 1644 3065 Liickc
1675 3029 1727 3067 de
1754 3031 1821 3069 in-

158 3098 432 3136 troductione
474 3098 520 3134 in
562 3110 722 3135 novum
764 3103 859 3137 test.
904 3103 945 3134 et
986 3097 1037 3134 cle
1071 3097 1194 3134 Pauli
1239 3098 1438 3147 epistolas
1480 3099 1534 3136 ad
1565 3101 1821 3154 Corinthios,

160 3172 252 3209 Cel,
284 3170 490 3207 Weber
520 3171 572 3208 de
604 3171 796 3223 physice,
827 3170 945 3208 Beat.
979 3168 1301 3220 Stromeyer
1332 3171 1383 3208 (le
1403 3172 1572 3211 chemia
1589 3174 1821 3221 theoretica.

160 3249 288 3293 atque
334 3243 532 3293 practica,
580 3244 668 3282 Cel.
716 3242 1107 3281 Blumenbach
1156 3244 1208 3281 (le
1252 3243 1435 3282 historia
1477 3247 1679 3296 naturali,
1726 3250 1817 3290 Cel.

159 3317 416 3365 Bartling
462 3317 513 3355 de
545 3317 877 3368 organographia
909 3322 950 3355 et
980 3316 1252 3367 physiologia
1283 3318 1524 3368 plantarum
1556 3325 1597 3357 et
1625 3321 1679 3358 de
1695 3322 1816 3371 plan·
