<?xml version="1.0" encoding="UTF-8"?>
<!DOCTYPE html PUBLIC "-//W3C//DTD XHTML 1.0 Transitional//EN"
    "http://www.w3.org/TR/xhtml1/DTD/xhtml1-transitional.dtd">
<html xmlns="http://www.w3.org/1999/xhtml" xml:lang="en" lang="en">
 <head>
  <title>
</title>
<meta http-equiv="Content-Type" content="text/html;charset=utf-8" />
  <meta name='ocr-system' content='tesseract 3.04.00' />
  <meta name='ocr-capabilities' content='ocr_page ocr_carea ocr_par ocr_line ocrx_word'/>
</head>
<body>
  <div class='ocr_page' id='page_1' title='image "./detrilobitisdiss00emmr_0050.png"; bbox 0 0 1971 3517; ppageno 0'>
   <div class='ocr_carea' id='block_1_1' title="bbox 199 250 278 309">
    <p class='ocr_par' dir='ltr' id='par_1_1' title="bbox 199 250 278 309">
     <span class='ocr_line' id='line_1_1' title="bbox 199 250 278 309; baseline -0.013 0"><span class='ocrx_word' id='word_1_1' title='bbox 199 250 278 309; x_wconf 71' lang='lat'>46</span> 
     </span>
    </p>
   </div>
   <div class='ocr_carea' id='block_1_2' title="bbox 192 421 1875 1929">
    <p class='ocr_par' dir='ltr' id='par_1_2' title="bbox 458 421 1285 487">
     <span class='ocr_line' id='line_1_2' title="bbox 458 421 1285 487; baseline -0.002 -15"><span class='ocrx_word' id='word_1_2' title='bbox 458 422 510 475; x_wconf 76' lang='lat'>2.</span> <span class='ocrx_word' id='word_1_3' title='bbox 585 425 636 472; x_wconf 91' lang='lat' dir='ltr'>P.</span> <span class='ocrx_word' id='word_1_4' title='bbox 680 421 1086 477; x_wconf 85' lang='lat' dir='ltr'>acuminatus</span> <span class='ocrx_word' id='word_1_5' title='bbox 1124 437 1175 471; x_wconf 88' lang='lat' dir='ltr'>n.</span> <span class='ocrx_word' id='word_1_6' title='bbox 1213 438 1285 487; x_wconf 87' lang='lat' dir='ltr'>sp.</span> 
     </span>
    </p>

    <p class='ocr_par' dir='ltr' id='par_1_3' title="bbox 195 516 1871 1065">
     <span class='ocr_line' id='line_1_3' title="bbox 345 516 1870 584; baseline -0.003 -13"><span class='ocrx_word' id='word_1_7' title='bbox 345 522 398 580; x_wconf 71' lang='lat' dir='ltr'>P,</span> <span class='ocrx_word' id='word_1_8' title='bbox 439 517 668 569; x_wconf 87' lang='lat' dir='ltr'>rhachide</span> <span class='ocrx_word' id='word_1_9' title='bbox 705 516 893 584; x_wconf 89' lang='lat' dir='ltr'>pleuris</span> <span class='ocrx_word' id='word_1_10' title='bbox 915 517 1213 582; x_wconf 86' lang='lat' dir='ltr'>angustiore,</span> <span class='ocrx_word' id='word_1_11' title='bbox 1251 516 1424 583; x_wconf 89' lang='lat' dir='ltr'>capitis</span> <span class='ocrx_word' id='word_1_12' title='bbox 1460 517 1715 582; x_wconf 86' lang='lat' dir='ltr'>marginati</span> <span class='ocrx_word' id='word_1_13' title='bbox 1736 533 1870 568; x_wconf 84' lang='lat' dir='ltr'>mar-</span> 
     </span>
     <span class='ocr_line' id='line_1_4' title="bbox 196 612 1870 682; baseline -0.002 -16"><span class='ocrx_word' id='word_1_14' title='bbox 196 616 308 682; x_wconf 85' lang='lat' dir='ltr'>gine</span> <span class='ocrx_word' id='word_1_15' title='bbox 358 614 524 665; x_wconf 90' lang='lat' dir='ltr'>antico</span> <span class='ocrx_word' id='word_1_16' title='bbox 573 612 787 664; x_wconf 91' lang='lat' dir='ltr'>breviter</span> <span class='ocrx_word' id='word_1_17' title='bbox 822 613 1131 676; x_wconf 86' lang='lat' dir='ltr'>acuminato,</span> <span class='ocrx_word' id='word_1_18' title='bbox 1181 612 1323 664; x_wconf 89' lang='lat' dir='ltr'>sulco</span> <span class='ocrx_word' id='word_1_19' title='bbox 1371 612 1625 678; x_wconf 82' lang='lat' dir='ltr'>marginali</span> <span class='ocrx_word' id='word_1_20' title='bbox 1664 613 1870 678; x_wconf 88' lang='lat' dir='ltr'>margini</span> 
     </span>
     <span class='ocr_line' id='line_1_5' title="bbox 200 708 1871 778; baseline -0.003 -16"><span class='ocrx_word' id='word_1_21' title='bbox 200 712 396 778; x_wconf 85' lang='lat' dir='ltr'>postico</span> <span class='ocrx_word' id='word_1_22' title='bbox 435 709 708 776; x_wconf 72' lang='lat' dir='ltr'>paralle103</span> <span class='ocrx_word' id='word_1_23' title='bbox 747 708 1121 774; x_wconf 87' lang='lat' dir='ltr'>protuberantia</span> <span class='ocrx_word' id='word_1_24' title='bbox 1158 710 1216 759; x_wconf 87' lang='lat' dir='ltr'>fr.</span> <span class='ocrx_word' id='word_1_25' title='bbox 1251 719 1426 774; x_wconf 85' lang='lat' dir='ltr'>parum</span> <span class='ocrx_word' id='word_1_26' title='bbox 1453 713 1714 770; x_wconf 87' lang='lat' dir='ltr'>attenuata,</span> <span class='ocrx_word' id='word_1_27' title='bbox 1752 709 1871 759; x_wconf 89' lang='lat' dir='ltr'>sub-</span> 
     </span>
     <span class='ocr_line' id='line_1_6' title="bbox 206 804 1869 870; baseline -0.002 -13"><span class='ocrx_word' id='word_1_28' title='bbox 206 807 409 868; x_wconf 76' lang='lat' dir='ltr'>lineari,</span> <span class='ocrx_word' id='word_1_29' title='bbox 449 806 608 856; x_wconf 87' lang='lat' dir='ltr'>antice</span> <span class='ocrx_word' id='word_1_30' title='bbox 646 804 923 867; x_wconf 88' lang='lat' dir='ltr'>rotundata,</span> <span class='ocrx_word' id='word_1_31' title='bbox 961 804 1229 870; x_wconf 84' lang='lat' dir='ltr'><strong>marginem</strong></span> <span class='ocrx_word' id='word_1_32' title='bbox 1253 805 1355 853; x_wconf 88' lang='lat' dir='ltr'>fere</span> <span class='ocrx_word' id='word_1_33' title='bbox 1400 804 1677 868; x_wconf 82' lang='lat' dir='ltr'>attingente,</span> <span class='ocrx_word' id='word_1_34' title='bbox 1713 804 1869 853; x_wconf 87' lang='lat' dir='ltr'>utrin-</span> 
     </span>
     <span class='ocr_line' id='line_1_7' title="bbox 197 899 1870 971; baseline -0.002 -18"><span class='ocrx_word' id='word_1_35' title='bbox 197 921 293 971; x_wconf 88' lang='lat' dir='ltr'>que</span> <span class='ocrx_word' id='word_1_36' title='bbox 334 901 739 968; x_wconf 86' lang='lat' dir='ltr'>impressionibus</span> <span class='ocrx_word' id='word_1_37' title='bbox 774 899 966 960; x_wconf 83' lang='lat' dir='ltr'>lobata;</span> <span class='ocrx_word' id='word_1_38' title='bbox 1015 900 1162 950; x_wconf 89' lang='lat' dir='ltr'>crista</span> <span class='ocrx_word' id='word_1_39' title='bbox 1213 899 1413 950; x_wconf 78' lang='lat' dir='ltr'>frontali</span> <span class='ocrx_word' id='word_1_40' title='bbox 1462 899 1669 964; x_wconf 88' lang='lat' dir='ltr'>margini</span> <span class='ocrx_word' id='word_1_41' title='bbox 1708 899 1870 949; x_wconf 86' lang='lat' dir='ltr'>antico</span> 
     </span>
     <span class='ocr_line' id='line_1_8' title="bbox 195 995 1782 1065; baseline -0.003 -16"><span class='ocrx_word' id='word_1_42' title='bbox 195 998 436 1065; x_wconf 88' lang='lat' dir='ltr'>parallela</span> <span class='ocrx_word' id='word_1_43' title='bbox 472 997 701 1063; x_wconf 88' lang='lat' dir='ltr'>utrinque</span> <span class='ocrx_word' id='word_1_44' title='bbox 738 1011 871 1061; x_wconf 88' lang='lat' dir='ltr'>pone</span> <span class='ocrx_word' id='word_1_45' title='bbox 907 995 1078 1046; x_wconf 88' lang='lat' dir='ltr'>lobum</span> <span class='ocrx_word' id='word_1_46' title='bbox 1115 995 1515 1061; x_wconf 88' lang='lat' dir='ltr'>protuberantiae</span> <span class='ocrx_word' id='word_1_47' title='bbox 1554 995 1782 1046; x_wconf 89' lang='lat' dir='ltr'>anticum.</span> 
     </span>
    </p>

    <p class='ocr_par' dir='ltr' id='par_1_4' title="bbox 415 1091 1465 1152">
     <span class='ocr_line' id='line_1_9' title="bbox 415 1091 1465 1152; baseline -0.003 -9"><span class='ocrx_word' id='word_1_48' title='bbox 415 1095 539 1143; x_wconf 89' lang='lat' dir='ltr'>Cum</span> <span class='ocrx_word' id='word_1_49' title='bbox 579 1091 914 1142; x_wconf 78' lang='lat' dir='ltr'>antecedente.</span> <span class='ocrx_word' id='word_1_50' title='bbox 1462 1151 1465 1152; x_wconf 15' lang='lat'><em>⁷</em></span> 
     </span>
    </p>

    <p class='ocr_par' dir='ltr' id='par_1_5' title="bbox 192 1186 1875 1639">
     <span class='ocr_line' id='line_1_10' title="bbox 339 1186 1871 1255; baseline -0.003 -15"><span class='ocrx_word' id='word_1_51' title='bbox 339 1191 476 1240; x_wconf 88' lang='lat' dir='ltr'>Haec</span> <span class='ocrx_word' id='word_1_52' title='bbox 513 1188 702 1255; x_wconf 87' lang='lat' dir='ltr'>species</span> <span class='ocrx_word' id='word_1_53' title='bbox 745 1187 1051 1238; x_wconf 82' lang='lat' dir='ltr'>antecedenti</span> <span class='ocrx_word' id='word_1_54' title='bbox 1088 1187 1335 1237; x_wconf 89' lang='lat' dir='ltr'>simillima</span> <span class='ocrx_word' id='word_1_55' title='bbox 1374 1187 1559 1236; x_wconf 87' lang='lat' dir='ltr'>differt:</span> <span class='ocrx_word' id='word_1_56' title='bbox 1597 1186 1758 1236; x_wconf 89' lang='lat' dir='ltr'>lineae</span> <span class='ocrx_word' id='word_1_57' title='bbox 1798 1187 1871 1236; x_wconf 85' lang='lat' dir='ltr'>fa-</span> 
     </span>
     <span class='ocr_line' id='line_1_11' title="bbox 195 1282 1875 1348; baseline -0.003 -11"><span class='ocrx_word' id='word_1_58' title='bbox 195 1287 332 1338; x_wconf 87' lang='lat' dir='ltr'>cialis</span> <span class='ocrx_word' id='word_1_59' title='bbox 371 1285 665 1346; x_wconf 86' lang='lat' dir='ltr'>directione,</span> <span class='ocrx_word' id='word_1_60' title='bbox 711 1300 825 1333; x_wconf 93' lang='lat' dir='ltr'>nam</span> <span class='ocrx_word' id='word_1_61' title='bbox 878 1299 1054 1348; x_wconf 85' lang='lat' dir='ltr'>margo</span> <span class='ocrx_word' id='word_1_62' title='bbox 1102 1283 1276 1333; x_wconf 84' lang='lat' dir='ltr'>frontis</span> <span class='ocrx_word' id='word_1_63' title='bbox 1324 1282 1591 1333; x_wconf 84' lang='lat' dir='ltr'>latissimae</span> <span class='ocrx_word' id='word_1_64' title='bbox 1636 1282 1875 1334; x_wconf 89' lang='lat' dir='ltr'>subrecti-</span> 
     </span>
     <span class='ocr_line' id='line_1_12' title="bbox 192 1378 1872 1445; baseline -0.004 -11"><span class='ocrx_word' id='word_1_65' title='bbox 192 1385 352 1434; x_wconf 89' lang='lat' dir='ltr'>lineus</span> <span class='ocrx_word' id='word_1_66' title='bbox 391 1380 607 1432; x_wconf 85' lang='lat' dir='ltr'>lateralis</span> <span class='ocrx_word' id='word_1_67' title='bbox 647 1379 799 1444; x_wconf 86' lang='lat' dir='ltr'>magis</span> <span class='ocrx_word' id='word_1_68' title='bbox 834 1384 908 1429; x_wconf 89' lang='lat' dir='ltr'>est</span> <span class='ocrx_word' id='word_1_69' title='bbox 948 1379 1132 1430; x_wconf 85' lang='lat' dir='ltr'>fractus</span> <span class='ocrx_word' id='word_1_70' title='bbox 1172 1395 1319 1445; x_wconf 83' lang='lat' dir='ltr'>quam</span> <span class='ocrx_word' id='word_1_71' title='bbox 1368 1378 1420 1428; x_wconf 87' lang='lat' dir='ltr'>in</span> <span class='ocrx_word' id='word_1_72' title='bbox 1468 1378 1786 1429; x_wconf 83' lang='lat' dir='ltr'>antecedente</span> <span class='ocrx_word' id='word_1_73' title='bbox 1823 1382 1872 1428; x_wconf 88' lang='lat' dir='ltr'>et</span> 
     </span>
     <span class='ocr_line' id='line_1_13' title="bbox 193 1474 1869 1546; baseline -0.004 -17"><span class='ocrx_word' id='word_1_74' title='bbox 193 1484 447 1546; x_wconf 84' lang='lat' dir='ltr'>postremo</span> <span class='ocrx_word' id='word_1_75' title='bbox 509 1475 868 1544; x_wconf 90' lang='lat' dir='ltr'>aliquantulum</span> <span class='ocrx_word' id='word_1_76' title='bbox 915 1474 1105 1540; x_wconf 88' lang='lat' dir='ltr'>postice</span> <span class='ocrx_word' id='word_1_77' title='bbox 1155 1479 1204 1524; x_wconf 90' lang='lat' dir='ltr'>et</span> <span class='ocrx_word' id='word_1_78' title='bbox 1251 1474 1382 1529; x_wconf 89' lang='lat' dir='ltr'>intus</span> <span class='ocrx_word' id='word_1_79' title='bbox 1430 1475 1606 1527; x_wconf 85' lang='lat' dir='ltr'>flexus.</span> <span class='ocrx_word' id='word_1_80' title='bbox 1688 1474 1869 1538; x_wconf 87' lang='lat' dir='ltr'>Margo</span> 
     </span>
     <span class='ocr_line' id='line_1_14' title="bbox 193 1571 968 1639; baseline -0.008 -13"><span class='ocrx_word' id='word_1_81' title='bbox 193 1574 417 1626; x_wconf 83' lang='lat' dir='ltr'>frontalis</span> <span class='ocrx_word' id='word_1_82' title='bbox 457 1572 678 1639; x_wconf 89' lang='lat' dir='ltr'>posticus</span> <span class='ocrx_word' id='word_1_83' title='bbox 715 1571 968 1636; x_wconf 86' lang='lat' dir='ltr'>gibbosus.</span> 
     </span>
    </p>

    <p class='ocr_par' dir='ltr' id='par_1_6' title="bbox 193 1664 1871 1929">
     <span class='ocr_line' id='line_1_15' title="bbox 341 1664 1870 1733; baseline -0.003 -14"><span class='ocrx_word' id='word_1_84' title='bbox 341 1669 659 1719; x_wconf 87' lang='lat' dir='ltr'>Clar.Boeck</span> <span class='ocrx_word' id='word_1_85' title='bbox 693 1666 745 1716; x_wconf 91' lang='lat' dir='ltr'>in</span> <span class='ocrx_word' id='word_1_86' title='bbox 776 1674 1050 1733; x_wconf 88' lang='lat' dir='ltr'>conspectu</span> <span class='ocrx_word' id='word_1_87' title='bbox 1082 1683 1175 1717; x_wconf 89' lang='lat' dir='ltr'>suo</span> <span class='ocrx_word' id='word_1_88' title='bbox 1212 1665 1567 1716; x_wconf 87' lang='lat' dir='ltr'>Trilobitarum</span> <span class='ocrx_word' id='word_1_89' title='bbox 1604 1664 1870 1730; x_wconf 89' lang='lat' dir='ltr'>Norvago-</span> 
     </span>
     <span class='ocr_line' id='line_1_16' title="bbox 193 1761 1866 1834; baseline -0.005 -16"><span class='ocrx_word' id='word_1_90' title='bbox 193 1783 301 1818; x_wconf 83' lang='lat' dir='ltr'>rum</span> <span class='ocrx_word' id='word_1_91' title='bbox 343 1766 511 1834; x_wconf 86' lang='lat' dir='ltr'>(Gaea</span> <span class='ocrx_word' id='word_1_92' title='bbox 547 1763 831 1829; x_wconf 86' lang='lat' dir='ltr'>Norvegica</span> <span class='ocrx_word' id='word_1_93' title='bbox 880 1764 1000 1814; x_wconf 87' lang='lat' dir='ltr'>fasc.</span> <span class='ocrx_word' id='word_1_94' title='bbox 1056 1763 1110 1828; x_wconf 79' lang='lat' dir='ltr'>l)</span> <span class='ocrx_word' id='word_1_95' title='bbox 1160 1762 1375 1828; x_wconf 90' lang='lat' dir='ltr'>plurium</span> <span class='ocrx_word' id='word_1_96' title='bbox 1423 1762 1698 1827; x_wconf 87' lang='lat' dir='ltr'>specierum</span> <span class='ocrx_word' id='word_1_97' title='bbox 1746 1777 1775 1810; x_wconf 91' lang='lat' dir='ltr'>a</span> <span class='ocrx_word' id='word_1_98' title='bbox 1812 1761 1866 1809; x_wconf 92' lang='lat' dir='ltr'>P.</span> 
     </span>
     <span class='ocr_line' id='line_1_17' title="bbox 193 1857 1871 1929; baseline -0.005 -16"><span class='ocrx_word' id='word_1_99' title='bbox 193 1863 403 1929; x_wconf 84' lang='lat' dir='ltr'>gibboso</span> <span class='ocrx_word' id='word_1_100' title='bbox 446 1861 751 1911; x_wconf 89' lang='lat' dir='ltr'>diversarum</span> <span class='ocrx_word' id='word_1_101' title='bbox 791 1859 1088 1908; x_wconf 88' lang='lat' dir='ltr'>mentionem</span> <span class='ocrx_word' id='word_1_102' title='bbox 1127 1857 1255 1919; x_wconf 84' lang='lat' dir='ltr'>facit,</span> <span class='ocrx_word' id='word_1_103' title='bbox 1295 1857 1382 1908; x_wconf 87' lang='lat' dir='ltr'>sed</span> <span class='ocrx_word' id='word_1_104' title='bbox 1420 1863 1626 1923; x_wconf 88' lang='lat' dir='ltr'>propter</span> <span class='ocrx_word' id='word_1_105' title='bbox 1663 1861 1871 1906; x_wconf 86' lang='lat' dir='ltr'>annota-</span> 
     </span>
    </p>
   </div>
   <div class='ocr_carea' id='block_1_3' title="bbox 194 1953 1956 2018">
    <p class='ocr_par' dir='ltr' id='par_1_7' title="bbox 194 1953 1956 2018">
     <span class='ocr_line' id='line_1_18' title="bbox 194 1953 1956 2018; baseline -0.005 -9"><span class='ocrx_word' id='word_1_106' title='bbox 194 1960 384 2009; x_wconf 90' lang='lat' dir='ltr'>tionum</span> <span class='ocrx_word' id='word_1_107' title='bbox 421 1956 709 2007; x_wconf 86' lang='lat' dir='ltr'>brevitatem</span> <span class='ocrx_word' id='word_1_108' title='bbox 750 1953 907 2004; x_wconf 91' lang='lat' dir='ltr'>solius</span> <span class='ocrx_word' id='word_1_109' title='bbox 945 1955 1000 2004; x_wconf 92' lang='lat' dir='ltr'>P.</span> <span class='ocrx_word' id='word_1_110' title='bbox 1039 1953 1129 2003; x_wconf 87' lang='lat' dir='ltr'>lati</span> <span class='ocrx_word' id='word_1_111' title='bbox 1147 1958 1291 2003; x_wconf 88' lang='lat' dir='ltr'>notas</span> <span class='ocrx_word' id='word_1_112' title='bbox 1331 1953 1506 2002; x_wconf 84' lang='lat' dir='ltr'>afferre</span> <span class='ocrx_word' id='word_1_113' title='bbox 1525 1969 1744 2018; x_wconf 92' lang='lat' dir='ltr'>possum,</span> <span class='ocrx_word' id='word_1_114' title='bbox 1784 1969 1864 2001; x_wconf 86' lang='lat' dir='ltr'>cu·</span> <span class='ocrx_word' id='word_1_115' title='bbox 1953 1990 1956 1991; x_wconf 13' lang='grc' dir='ltr'><em>γ</em></span> 
     </span>
    </p>
   </div>
   <div class='ocr_carea' id='block_1_4' title="bbox 194 2047 1868 2881">
    <p class='ocr_par' dir='ltr' id='par_1_8' title="bbox 194 2047 1868 2199">
     <span class='ocr_line' id='line_1_19' title="bbox 194 2047 1868 2105; baseline -0.005 0"><span class='ocrx_word' id='word_1_116' title='bbox 194 2055 271 2105; x_wconf 89' lang='lat' dir='ltr'>ius</span> <span class='ocrx_word' id='word_1_117' title='bbox 307 2053 613 2103; x_wconf 88' lang='lat' dir='ltr'>individuum</span> <span class='ocrx_word' id='word_1_118' title='bbox 651 2067 804 2100; x_wconf 89' lang='lat' dir='ltr'>unum</span> <span class='ocrx_word' id='word_1_119' title='bbox 841 2050 968 2099; x_wconf 90' lang='lat' dir='ltr'>inter</span> <span class='ocrx_word' id='word_1_120' title='bbox 1006 2050 1282 2100; x_wconf 87' lang='lat' dir='ltr'>Petrificata</span> <span class='ocrx_word' id='word_1_121' title='bbox 1320 2049 1457 2098; x_wconf 79' lang='lat' dir='ltr'>Mus·</span> <span class='ocrx_word' id='word_1_122' title='bbox 1495 2048 1665 2098; x_wconf 89' lang='lat' dir='ltr'>Berol.</span> <span class='ocrx_word' id='word_1_123' title='bbox 1688 2047 1868 2098; x_wconf 89' lang='lat' dir='ltr'>inveni.</span> 
     </span>
     <span class='ocr_line' id='line_1_20' title="bbox 459 2136 1078 2199; baseline -0.008 0"><span class='ocrx_word' id='word_1_124' title='bbox 459 2148 508 2199; x_wconf 87' lang='lat'>3.</span> <span class='ocrx_word' id='word_1_125' title='bbox 584 2150 637 2198; x_wconf 87' lang='lat' dir='ltr'>P.</span> <span class='ocrx_word' id='word_1_126' title='bbox 677 2136 853 2196; x_wconf 88' lang='lat' dir='ltr'>latus</span> <span class='ocrx_word' id='word_1_127' title='bbox 890 2145 1078 2195; x_wconf 87' lang='lat' dir='ltr'>Boeck.</span> 
     </span>
    </p>

    <p class='ocr_par' dir='ltr' id='par_1_9' title="bbox 194 2238 1868 2594">
     <span class='ocr_line' id='line_1_21' title="bbox 338 2238 1868 2314; baseline -0.007 -17"><span class='ocrx_word' id='word_1_128' title='bbox 338 2247 395 2297; x_wconf 88' lang='lat' dir='ltr'>P.</span> <span class='ocrx_word' id='word_1_129' title='bbox 432 2243 663 2294; x_wconf 89' lang='lat' dir='ltr'>rhachide</span> <span class='ocrx_word' id='word_1_130' title='bbox 700 2240 887 2307; x_wconf 86' lang='lat' dir='ltr'>pleuris</span> <span class='ocrx_word' id='word_1_131' title='bbox 928 2241 1225 2314; x_wconf 86' lang='lat' dir='ltr'>angustiore,</span> <span class='ocrx_word' id='word_1_132' title='bbox 1264 2241 1426 2290; x_wconf 89' lang='lat' dir='ltr'>fronte</span> <span class='ocrx_word' id='word_1_133' title='bbox 1463 2245 1756 2299; x_wconf 80' lang='lat' dir='ltr'>transversa,</span> <span class='ocrx_word' id='word_1_134' title='bbox 1794 2238 1868 2287; x_wconf 90' lang='lat' dir='ltr'>la-</span> 
     </span>
     <span class='ocr_line' id='line_1_22' title="bbox 196 2337 1868 2407; baseline -0.007 -14"><span class='ocrx_word' id='word_1_135' title='bbox 196 2342 407 2403; x_wconf 88' lang='lat' dir='ltr'>tissima,</span> <span class='ocrx_word' id='word_1_136' title='bbox 447 2357 592 2407; x_wconf 88' lang='lat' dir='ltr'>quam</span> <span class='ocrx_word' id='word_1_137' title='bbox 630 2340 782 2403; x_wconf 83' lang='lat' dir='ltr'>longa</span> <span class='ocrx_word' id='word_1_138' title='bbox 818 2337 1009 2397; x_wconf 85' lang='lat' dir='ltr'>latiore,</span> <span class='ocrx_word' id='word_1_139' title='bbox 1049 2337 1206 2386; x_wconf 88' lang='lat' dir='ltr'>antice</span> <span class='ocrx_word' id='word_1_140' title='bbox 1244 2341 1655 2396; x_wconf 81' lang='lat' dir='ltr'>rectetruncata,</span> <span class='ocrx_word' id='word_1_141' title='bbox 1694 2342 1868 2400; x_wconf 91' lang='lat' dir='ltr'>protu-</span> 
     </span>
     <span class='ocr_line' id='line_1_23' title="bbox 194 2430 1866 2498; baseline -0.005 -10"><span class='ocrx_word' id='word_1_142' title='bbox 194 2437 417 2488; x_wconf 88' lang='lat' dir='ltr'>berantia</span> <span class='ocrx_word' id='word_1_143' title='bbox 462 2436 744 2485; x_wconf 87' lang='lat' dir='ltr'>abbreviata</span> <span class='ocrx_word' id='word_1_144' title='bbox 782 2433 865 2484; x_wconf 82' lang='lat' dir='ltr'>vix</span> <span class='ocrx_word' id='word_1_145' title='bbox 903 2438 1176 2494; x_wconf 88' lang='lat' dir='ltr'>attenuata,</span> <span class='ocrx_word' id='word_1_146' title='bbox 1227 2432 1457 2498; x_wconf 86' lang='lat' dir='ltr'>utrinque</span> <span class='ocrx_word' id='word_1_147' title='bbox 1490 2430 1866 2496; x_wconf 83' lang='lat' dir='ltr'>3—impressa3</span> 
     </span>
     <span class='ocr_line' id='line_1_24' title="bbox 195 2528 1440 2594; baseline -0.008 -8"><span class='ocrx_word' id='word_1_148' title='bbox 195 2535 343 2585; x_wconf 87' lang='lat' dir='ltr'>crista</span> <span class='ocrx_word' id='word_1_149' title='bbox 382 2531 582 2583; x_wconf 88' lang='lat' dir='ltr'>frontali</span> <span class='ocrx_word' id='word_1_150' title='bbox 621 2532 757 2580; x_wconf 73' lang='lat' dir='ltr'>iuxta</span> <span class='ocrx_word' id='word_1_151' title='bbox 795 2528 1196 2594; x_wconf 88' lang='lat' dir='ltr'>protuberantiae</span> <span class='ocrx_word' id='word_1_152' title='bbox 1235 2528 1440 2593; x_wconf 87' lang='lat' dir='ltr'>apicem.</span> 
     </span>
    </p>

    <p class='ocr_par' dir='ltr' id='par_1_10' title="bbox 337 2623 1349 2680">
     <span class='ocr_line' id='line_1_25' title="bbox 337 2623 1349 2680; baseline -0.008 0"><span class='ocrx_word' id='word_1_153' title='bbox 337 2632 395 2680; x_wconf 92' lang='lat' dir='ltr'>In</span> <span class='ocrx_word' id='word_1_154' title='bbox 432 2645 555 2680; x_wconf 83' lang='lat' dir='ltr'>saxo</span> <span class='ocrx_word' id='word_1_155' title='bbox 596 2627 745 2678; x_wconf 88' lang='lat' dir='ltr'>suillo</span> <span class='ocrx_word' id='word_1_156' title='bbox 785 2642 896 2675; x_wconf 87' lang='lat' dir='ltr'>cum</span> <span class='ocrx_word' id='word_1_157' title='bbox 934 2623 1349 2673; x_wconf 85' lang='lat' dir='ltr'>antecedentibus.</span> 
     </span>
    </p>

    <p class='ocr_par' dir='ltr' id='par_1_11' title="bbox 338 2718 1866 2881">
     <span class='ocr_line' id='line_1_26' title="bbox 458 2718 1564 2786; baseline -0.005 -13"><span class='ocrx_word' id='word_1_158' title='bbox 458 2724 508 2776; x_wconf 76' lang='lat'>4.</span> <span class='ocrx_word' id='word_1_159' title='bbox 583 2724 636 2772; x_wconf 88' lang='grc' dir='ltr'>Ρ.</span> <span class='ocrx_word' id='word_1_160' title='bbox 677 2719 1341 2786; x_wconf 88' lang='lat' dir='ltr'>tetragonocephalus</span> <span class='ocrx_word' id='word_1_161' title='bbox 1382 2718 1564 2768; x_wconf 88' lang='lat' dir='ltr'>Green.</span> 
     </span>
     <span class='ocr_line' id='line_1_27' title="bbox 338 2812 1866 2881; baseline -0.007 -10"><span class='ocrx_word' id='word_1_162' title='bbox 338 2823 392 2871; x_wconf 89' lang='lat' dir='ltr'>P.</span> <span class='ocrx_word' id='word_1_163' title='bbox 439 2818 669 2869; x_wconf 82' lang='lat' dir='ltr'>rhachide.</span> <span class='ocrx_word' id='word_1_164' title='bbox 711 2816 899 2878; x_wconf 89' lang='lat' dir='ltr'>pleuris</span> <span class='ocrx_word' id='word_1_165' title='bbox 939 2815 1250 2881; x_wconf 82' lang='lat' dir='ltr'>angustiore,</span> <span class='ocrx_word' id='word_1_166' title='bbox 1298 2814 1457 2879; x_wconf 89' lang='lat' dir='ltr'>capite</span> <span class='ocrx_word' id='word_1_167' title='bbox 1494 2813 1652 2863; x_wconf 88' lang='lat' dir='ltr'>antice</span> <span class='ocrx_word' id='word_1_168' title='bbox 1684 2812 1866 2862; x_wconf 84' lang='lat' dir='ltr'>rectili-</span> 
     </span>
    </p>
   </div>
   <div class='ocr_carea' id='block_1_5' title="bbox 192 2908 1960 2979">
    <p class='ocr_par' dir='ltr' id='par_1_12' title="bbox 192 2908 1960 2979">
     <span class='ocr_line' id='line_1_28' title="bbox 192 2908 1960 2979; baseline -0.007 -10"><span class='ocrx_word' id='word_1_169' title='bbox 192 2935 288 2969; x_wconf 91' lang='lat' dir='ltr'>neo</span> <span class='ocrx_word' id='word_1_170' title='bbox 327 2922 571 2977; x_wconf 73' lang='lat' dir='ltr'>truncam,</span> <span class='ocrx_word' id='word_1_171' title='bbox 606 2908 978 2979; x_wconf 85' lang='lat' dir='ltr'>protuberantia</span> <span class='ocrx_word' id='word_1_172' title='bbox 999 2910 1199 2961; x_wconf 87' lang='lat' dir='ltr'>frontali</span> <span class='ocrx_word' id='word_1_173' title='bbox 1228 2909 1386 2960; x_wconf 89' lang='lat' dir='ltr'>antice</span> <span class='ocrx_word' id='word_1_174' title='bbox 1407 2915 1670 2970; x_wconf 82' lang='lat' dir='ltr'>attenuata,</span> <span class='ocrx_word' id='word_1_175' title='bbox 1711 2908 1865 2958; x_wconf 83' lang='lat' dir='ltr'>utriu-</span> <span class='ocrx_word' id='word_1_176' title='bbox 1948 2961 1960 2970; x_wconf 33' lang='grc' dir='ltr'><strong><em>ἢ</em></strong></span> 
     </span>
    </p>
   </div>
   <div class='ocr_carea' id='block_1_6' title="bbox 194 3002 1860 3167">
    <p class='ocr_par' dir='ltr' id='par_1_13' title="bbox 194 3002 1860 3167">
     <span class='ocr_line' id='line_1_29' title="bbox 194 3002 1860 3081; baseline -0.006 -18"><span class='ocrx_word' id='word_1_177' title='bbox 194 3031 289 3081; x_wconf 90' lang='lat' dir='ltr'>que</span> <span class='ocrx_word' id='word_1_178' title='bbox 327 3012 360 3062; x_wconf 89' lang='lat'><strong>3</strong></span> <span class='ocrx_word' id='word_1_179' title='bbox 386 3012 567 3071; x_wconf 86' lang='lat' dir='ltr'>lobata,</span> <span class='ocrx_word' id='word_1_180' title='bbox 606 3008 839 3058; x_wconf 89' lang='lat' dir='ltr'>cornibus</span> <span class='ocrx_word' id='word_1_181' title='bbox 877 3008 1078 3057; x_wconf 88' lang='lat' dir='ltr'>thorace</span> <span class='ocrx_word' id='word_1_182' title='bbox 1107 3005 1441 3071; x_wconf 87' lang='lat' dir='ltr'>longioribus;</span> <span class='ocrx_word' id='word_1_183' title='bbox 1481 3006 1680 3055; x_wconf 85' lang='lat' dir='ltr'>thorace</span> <span class='ocrx_word' id='word_1_184' title='bbox 1724 3002 1860 3053; x_wconf 82' lang='lat'>12—</span> 
     </span>
     <span class='ocr_line' id='line_1_30' title="bbox 194 3101 1601 3167; baseline -0.007 -8"><span class='ocrx_word' id='word_1_185' title='bbox 194 3109 471 3167; x_wconf 87' lang='lat' dir='ltr'>articulata;</span> <span class='ocrx_word' id='word_1_186' title='bbox 512 3104 773 3156; x_wconf 88' lang='lat' dir='ltr'>abdomine</span> <span class='ocrx_word' id='word_1_187' title='bbox 813 3102 966 3164; x_wconf 86' lang='lat' dir='ltr'>brevi,</span> <span class='ocrx_word' id='word_1_188' title='bbox 1005 3102 1286 3164; x_wconf 86' lang='lat' dir='ltr'>rotundato,</span> <span class='ocrx_word' id='word_1_189' title='bbox 1325 3101 1601 3150; x_wconf 77' lang='lat' dir='ltr'>articulato,</span> 
     </span>
    </p>
   </div>
   <div class='ocr_carea' id='block_1_7' title="bbox 410 3192 1863 3351">
    <p class='ocr_par' dir='ltr' id='par_1_14' title="bbox 410 3192 1863 3351">
     <span class='ocr_line' id='line_1_31' title="bbox 412 3192 1863 3267; baseline -0.007 -15"><span class='ocrx_word' id='word_1_190' title='bbox 412 3194 642 3267; x_wconf 36' lang='lat' dir='ltr'>A&#39;saphus</span> <span class='ocrx_word' id='word_1_191' title='bbox 705 3197 1201 3263; x_wconf 87' lang='lat' dir='ltr'>tetragonocephalus</span> <span class='ocrx_word' id='word_1_192' title='bbox 1241 3197 1407 3246; x_wconf 88' lang='lat' dir='ltr'>Green</span> <span class='ocrx_word' id='word_1_193' title='bbox 1456 3196 1507 3245; x_wconf 91' lang='lat' dir='ltr'>in</span> <span class='ocrx_word' id='word_1_194' title='bbox 1565 3192 1863 3245; x_wconf 81' lang='lat' dir='ltr'>Sillimann⁷s</span> 
     </span>
     <span class='ocr_line' id='line_1_32' title="bbox 410 3287 1863 3351; baseline -0.006 -4"><span class='ocrx_word' id='word_1_195' title='bbox 410 3299 585 3347; x_wconf 82' lang='lat' dir='ltr'>Journ.</span> <span class='ocrx_word' id='word_1_196' title='bbox 635 3294 786 3345; x_wconf 76' lang='lat'>1834.</span> <span class='ocrx_word' id='word_1_197' title='bbox 836 3295 948 3343; x_wconf 84' lang='lat' dir='ltr'>Jan.</span> <span class='ocrx_word' id='word_1_198' title='bbox 991 3293 1396 3351; x_wconf 89' lang='lat' dir='ltr'>XXV&gt;Leonh</span> <span class='ocrx_word' id='word_1_199' title='bbox 1435 3296 1484 3342; x_wconf 90' lang='lat' dir='ltr'>et</span> <span class='ocrx_word' id='word_1_200' title='bbox 1520 3293 1666 3341; x_wconf 92' lang='lat' dir='ltr'>Bonn</span> <span class='ocrx_word' id='word_1_201' title='bbox 1711 3287 1863 3339; x_wconf 80' lang='lat'>18:37.</span> 
     </span>
    </p>
   </div>
  </div>
 </body>
</html>
