2044 3507
215 287 296 345 56

215 466 269 502 tis
301 464 636 515 cryptogamiciS‚
668 463 759 501 Cel.
794 459 1185 500 Goldschmidt
1217 459 1272 517 (16
1303 460 1622 508 trigonometria
1649 461 1879 512 sphaerica.

216 540 386 578 Deinde
416 550 494 586 per
524 544 724 576 semestre
756 536 968 573 aestivum
1013 535 1117 572 anni
1157 534 1518 573 MDCCCXXXV
1556 537 1883 575 universitatem

215 612 762 663 Iosepho-Maximilianam
779 610 955 647 Monaci
967 609 1295 658 frequentaviet
1315 608 1498 647 scholis:
1525 609 1613 647 Cel.
1635 610 1700 648 tle
1717 609 1881 648 Schu-

215 691 361 737 bert,
394 688 518 725 cuius
550 697 700 732 magna
735 685 780 721 in
812 697 881 721 me
929 684 1083 720 merita
1115 695 1334 731 nunquam
1368 683 1619 733 obliviscar,
1653 684 1704 721 (le
1738 685 1883 722 zoolo-

216 765 282 813 gia
316 762 357 800 e¹t
389 762 440 798 (16
473 759 795 809 anthropologia
834 764 875 795 et
904 757 1195 808 psychologia,
1237 757 1327 798 Cel,
1361 757 1422 794 de
1452 757 1798 806 Doelllnger
1829 758 1882 796 ‹le

214 837 429 875 anatomia
462 840 727 881 comparata,
773 833 863 872 Cel.
906 832 969 868 (16
1001 831 1241 868 Martius
1274 831 1326 869 (16
1372 831 1570 869 botanice
1611 832 1801 880 generali
1843 838 1884 870 et

215 912 305 954 Cel.
340 910 525 948 Schim
541 921 636 958 per
668 908 719 944 (16
753 907 993 955 plantarum
1033 906 1260 954 morphose
1299 905 1479 942 interfui
1556 904 1720 943 Eodem
1769 919 1882 943 anno

212 987 396 1025 Monaco
427 984 580 1020 relicto
616 982 862 1018 Berolinum
896 993 964 1018 me
1008 980 1190 1020 contuli.
1253 979 1339 1016 Hic
1370 979 1448 1016 sub
1492 979 1653 1021 Illustr‚
1701 980 1884 1018 Busch

212 1058 504 1099 universitatis
553 1054 1064 1093 Friclerico-Guilelmae
1110 1060 1276 1091 rectore
1332 1053 1495 1091 civium
1541 1054 1882 1092 academicorum

213 1147 393 1173 numero
425 1132 659 1180 adscriptus
705 1129 1021 1179 praelectiones
1063 1128 1256 1165 virorum
1302 1124 1469 1169 lllustr.
1514 1133 1556 1164 et
1598 1128 1768 1166 Clariss.
1799 1129 1883 1166 fre-

213 1208 419 1260 quentavi
449 1207 549 1249 has:
583 1205 673 1245 Cel.
707 1202 961 1242 Stesfens
994 1202 1046 1239 de
1078 1201 1417 1251 anthropologia,
1451 1201 1541 1240 Cel.
1584 1202 1799 1240 Miiller
1830 1203 1882 1246 (le

212 1283 426 1322 anatomia
457 1282 670 1328 humana,
715 1278 767 1314 ‹le-
800 1277 1067 1327 physiologia
1100 1282 1141 1313 et
1172 1275 1224 1313 (16
1264 1276 1477 1314 anatomia
1509 1282 1762 1326 comparata,
1794 1277 1884 1325 Cel.

213 1340 554 1410 WViegmann
596 1353 648 1390 (le
688 1351 943 1397 Mulluscis;
987 1363 1086 1399 prae
1129 1350 1281 1387 ceteris
1330 1356 1472 1387 autem
1515 1362 1742 1399 permagna
1783 1364 1884 1388 cum
1922 1386 1938 1392 ,ᾗ

213 1433 432 1481 voluptate
465 1428 609 1466 Illust.
642 1427 833 1464 virorum
865 1424 1107 1464 Weissii
1150 1431 1190 1462 et
1220 1424 1438 1462 Ritteri
1467 1424 1729 1462 lectionibus
1751 1424 1883 1461 inter·

214 1507 294 1557 sui,
327 1505 402 1555 qui
433 1503 594 1541 eximia
623 1513 701 1539 sua
733 1499 1038 1537 benevolentia
1068 1504 1197 1548 atque
1245 1498 1437 1535 amicitia
1466 1498 1528 1535 ita
1558 1510 1627 1535 me
1658 1488 1882 1548 ornarunt,

216 1587 264 1620 ut
297 1591 445 1617 eorum
477 1576 728 1615 memoriam
760 1586 927 1623 semper
958 1573 1198 1622 gratissimo
1229 1570 1373 1610 animo
1414 1578 1742 1611 conversaturus
1787 1572 1882 1615 sim,

214 1653 487 1694 Amicissimo
530 1648 933 1696 Quenstedtio,
975 1660 1092 1686 nunc
1123 1646 1410 1694 Tubingensis
1452 1647 1741 1689 universitatis
1786 1657 1880 1699 pr-o-

212 1730 386 1777 feswre,
418 1727 528 1764 (luce
559 1724 766 1763 maiorem
798 1722 999 1772 temporis
1039 1727 1205 1771 partem
1236 1721 1411 1771 studiis,
1453 1734 1563 1771 quae
1596 1722 1650 1759 ad
1678 1720 1881 1767 palaeen-

214 1803 419 1851 tologiam
446 1804 648 1850 spectant,
681 1798 892 1841 dedicavi,
952 1798 1019 1835 Ad
1032 1796 1220 1854 urgenda
1251 1796 1358 1833 haec
1388 1796 1530 1834 studia
1560 1797 1766 1835 excitatus
1786 1809 1882 1839 sum

214 1877 446 1928 praecipue
479 1882 657 1911 munere
689 1860 876 1910 custodis
908 1871 1052 1910 Musei
1082 1871 1384 1919 Mineralogiei
1415 1871 1543 1919 Regii
1562 1860 1880 1910 ‘benevolentis-

215 1953 322 1990 sime
363 1949 468 1987 mihi
514 1948 680 1996 delato,
721 1959 806 1996 quo
846 1958 1011 1983 annum
1056 1958 1196 1983 unum
1228 1951 1270 1983 et
1300 1945 1529 1983 dimidium
1566 1945 1738 1984 functus
1770 1958 1880 1985 sum.

212 2025 308 2063 Jam
350 2036 470 2074 spero
526 2023 615 2060 fore
646 2027 694 2059 ut
736 2020 1033 2076 dissertatione
1076 2019 1356 2069 thesibusque
1408 2019 1593 2057 defensis
1636 2019 1794 2058 summi
1834 2000 1918 2057 in

211 2085 482 2150 philosopliia
521 2097 703 2135 honores
733 2095 780 2133 in
810 2106 880 2132 me
911 2093 1198 2132 conferantur.

741 2269 1397 2342 THESES.

317 2408 586 2458 Geographia
617 2406 710 2444 sine
741 2405 971 2459 geognosia
1002 2404 1138 2442 nulla.

215 2411 256 2454 Γ*

213 2484 254 2523 2.
316 2483 628 2530 Formationes,
660 2492 762 2529 quas
797 2479 1099 2519 Carbonariam
1141 2484 1183 2516 et
1215 2461 1442 2516 zechstein
1472 2489 1691 2528 vocamuS,
1724 2490 1748 2515 a
1779 2484 1880 2516 stra-

317 2558 371 2595 tis
404 2555 654 2594 transitoriis
689 2567 775 2594 non
807 2545 1112 2602 seiungendae.

213 2631 259 2671 3.
319 2630 420 2669 Sola
451 2629 765 2677 refrigescentis
797 2633 934 2665 terrae
966 2625 1294 2676 igneo-fluidae
1325 2626 1557 2663 contractio
1589 2625 1644 2663 ad
1672 2626 1881 2664 montium

321 2710 530 2742 tractuum
562 2702 863 2740 formationem
897 2701 1199 2748 explicandam
1230 2713 1317 2737 non
1350 2699 1522 2738 sufficit.

213 2777 254 2818 4.
316 2778 550 2816 Trilobitae
583 2775 950 2826 Branchipodibus
982 2776 1175 2826 proxime
1207 2773 1387 2822 cognati.

387 2952 1028 3024 FlGURARUM
1081 2945 1727 3036 EXPLICATffl.

295 3081 465 3126 Phacops
489 3078 744 3113 rotundifrons
759 3105 767 3113 .

301 3124 582 3170 Conocephalus
608 3123 766 3157 striatas.

298 3168 585 3214 Odontoplenra
615 3174 732 3205 ovata,

216 3214 256 3253 4,
281 3215 313 3251 5.
339 3217 374 3252 6.
399 3215 436 3252 7.
461 3215 498 3250 9.
546 3211 799 3257 Cryptolithus
825 3209 1013 3246 Caractaci
1037 3211 1183 3250 Murch.

218 3260 258 3298 8.
299 3258 467 3304 Asaphus
490 3255 685 3302 globiceps
708 3255 824 3295 Phill.

217 3082 254 3164 {2

216 3172 252 3208 3.

833 3374 1313 3384 —--—..---——-
