1971 3517
1668 160 1678 169 ²
1754 147 1791 205 7

139 328 414 390 tegumenta
450 321 834 373 Articulatorum
868 325 1120 374 fructuosa
1158 328 1205 374 et
1232 322 1571 389 philosophica
1606 321 1795 371 ratione

138 417 582 483 contemplabatur,
640 418 896 468 articulum
943 435 1183 486 quemque
1231 435 1291 469 ex
1323 417 1364 467 ‘6
1410 417 1628 482 partibus
1674 431 1796 465 con-

137 519 267 563 stare
317 513 617 563 monstravit.
704 517 921 579 Quarum
973 514 1098 564 duae
1148 494 1301 563 altera
1348 511 1487 561 alteri
1536 509 1795 576 oppositae

132 608 183 657 in
217 607 438 657 mediana
488 609 712 674 corporis
749 610 869 659 sitae
906 615 1042 671 sunt,
1091 610 1140 658 in
1178 609 1332 658 latere
1368 623 1551 671 supero
1590 611 1792 669 tergum,

71 740 74 743 -
125 702 183 751 ⁴in
220 702 372 752 latere
410 703 566 752 infero
596 710 840 763 sternum3
879 703 1096 770 reliquae
1135 703 1165 752 4
1208 703 1332 763 (duo
1374 702 1589 766 epimera
1627 704 1674 748 et
1693 699 1791 748 duo

133 797 400 863 episterna)
452 805 660 864 utroque
697 799 851 848 latere
901 799 1030 848 inter
1074 803 1290 848 sternum
1339 802 1386 846 et
1423 802 1611 859 tergum
1649 794 1793 842 bin-ae

132 892 452 957 interpositae
501 898 626 942 sunt.
712 895 767 942 In
806 894 1055 943 Trilobitis
1111 892 1293 943 similes
1339 896 1504 956 partes
1554 887 1792 939 videmus,

130 987 362 1051 Singulos
412 988 538 1037 enim
578 988 923 1038 Trilobitarum
975 988 1208 1037 articulus
1259 990 1452 1036 constat
1496 1000 1557 1033 ex
1608 982 1790 1032 annulo

128 1082 331 1148 (quibus
371 1084 574 1145 rhachis,
612 1089 813 1133 truncus
851 1083 1016 1134 Auctt.
1053 1084 1340 1143 formatur),
1379 1080 1518 1130 cuius
1555 1094 1670 1143 pars
1709 1094 1791 1127 su-

126 1177 294 1242 perior
331 1183 469 1242 tergo
508 1178 784 1242 respondet,
823 1155 940 1242 pars
977 1177 1183 1226 inferior
1223 1174 1490 1240 (sternum)
1531 1173 1594 1223 ob
1632 1171 1792 1222 tenui·

128 1278 273 1321 tatem
313 1289 474 1334 suam,
520 1279 573 1321 ut
612 1273 829 1337 videtur,
879 1274 980 1322 fere
1029 1287 1224 1335 semper
1272 1270 1518 1319 destructa
1557 1272 1652 1327 est3
1691 1267 1791 1316 sin-

124 1368 268 1431 gulus
328 1367 537 1417 annulus
599 1368 822 1433 utrinque
886 1367 1205 1432 appendicem
1266 1364 1485 1430 possidet
1539 1362 1790 1411 lateralem

130 1463 385 1528 (pleurae,
448 1463 686 1526 epimera,
741 1463 894 1511 flancs
958 1461 1146 1522 Auctt.)
1208 1459 1528 1524 compositam
1583 1474 1610 1506 e
1670 1457 1791 1505 dua-

125 1558 217 1607 bus
265 1557 474 1606 lamellis
531 1557 683 1606 latere
733 1556 988 1619 connatis,
1032 1573 1239 1621 quarum
1286 1553 1516 1618 superior
1554 1552 1787 1617 epimero‚

121 1652 325 1701 inferior
363 1653 607 1716 episterno
629 1652 907 1716 respondet.
931 1682 999 1688 ——-
1075 1651 1418 1715 Epimerorum
1449 1647 1787 1712 (pleurarum)
1862 1686 1877 1697 .

122 1747 404 1811 magnitudo
444 1747 631 1796 ratione
669 1747 792 1811 tergi
828 1747 990 1796 habita
1011 1746 1359 1795 Trilobitarum
1382 1744 1633 1792 character
1651 1743 1787 1807 prin-

124 1843 294 1908 cipalis
334 1848 433 1903 est;
491 1842 735 1891 rarissime
772 1848 961 1906 tergum
1001 1840 1293 1906 epimeribus
1331 1838 1492 1888 latius.
1533 1866 1598 1875 —
1675 1836 1787 1886 Ple-

123 1955 328 2004 rumque
367 1936 602 1987 articulus
643 1937 848 2003 quisque
886 1939 1060 1986 iterum
1111 1941 1200 2001 per
1238 1934 1429 1984 sulcum
1485 1938 1787 1982 transversa-

121 2033 227 2108 lem·
255 2033 306 2082 in
345 2034 466 2082 duas
513 2038 676 2097 partes
726 2034 1016 2082 anteriorem
1066 2036 1113 2081 et
1161 2029 1486 2096 posteriorem
1541 2027 1785 2088 dividitur,

122 2144 237 2178 raro
277 2128 467 2176 articuli
503 2128 668 2177 laeves
706 2134 835 2180 sunt.
1685 2124 1693 2129 ²
1757 2129 1763 2135 “

266 2223 399 2272 Raro
450 2231 635 2287 tergum
688 2241 797 2272 cum
836 2222 1129 2288 epimeribus
1175 2237 1266 2286 per
1313 2217 1618 2284 ginglymum
1669 2217 1783 2266 arti-

121 2317 332 2368 culatum
373 2335 480 2368 esse
515 2319 708 2369 videtur
748 2318 1003 2386 (Asaphus
1040 2317 1228 2378 Buchii,
1271 2312 1649 2379 Conocephalus
1670 2311 1772 2361 Sul-

123 2414 262 2479 zeri),
300 2414 590 2480 plerumque
639 2420 826 2463 tantum
865 2431 964 2480 quo
1014 2413 1129 2463 loco
1171 2429 1282 2461 cum
1336 2409 1553 2475 epimero
1598 2424 1690 2457 suo
1728 2423 1782 2456 se

122 2509 373 2573 coniungit
404 2509 596 2559 tenuius
618 2540 684 2546 -
724 2510 882 2574 prima
912 2507 1264 2582 articulationi‘s
1302 2503 1533 2555 indicatio
1557 2532 1641 2564 —-‚
1680 2518 1779 2568 quo

122 2604 229 2653 fieri
267 2604 449 2669 potuit,
501 2612 555 2654 ut
603 2605 803 2670 pleurae
846 2622 936 2670 per
973 2603 1222 2654 musculos
1259 2602 1310 2651 in
1348 2615 1515 2652 earum
1553 2614 1676 2648 cavo
1715 2597 1783 2648 si-

121 2703 199 2747 tos
256 2704 582 2750 moverentur.
678 2701 801 2749 Cum
869 2700 1011 2749 locus
1070 2697 1428 2748 coniunctionis
1490 2699 1780 2766 plerumque

122 2793 266 2843 valde
315 2793 575 2858 depressus
628 2795 713 2857 sit,
763 2796 921 2845 rachis
971 2794 1198 2860 utrinque
1250 2794 1389 2845 sulco
1437 2794 1779 2859 longitudinali

124 2888 493 2953 circumscripta
549 2889 741 2939 videtur
765 2930 777 2952 ,
837 2890 1052 2939 defectus
1114 2900 1283 2938 eoru'm
1342 2895 1502 2939 autem
1557 2890 1607 2938 in
1654 2888 1777 2939 Asa-

122 2985 221 3049 pho
261 2983 467 3052 (Nileo)
499 2979 838 3034 Armadillone
871 2985 1032 3035 Dalm.
1057 2990 1103 3033 et
1122 2984 1180 3034 A.
1207 2986 1493 3051 [Bumasto)
1530 2985 1780 3035 Barriensi

118 3079 306 3135 ,Murch
353 3078 493 3129 nullo
539 3080 689 3130 modo
727 3081 1155 3131 commutationem
1191 3079 1404 3130 nominis
1439 3080 1651 3131 familiae
1688 3095 1780 3131 no-

124 3177 255 3224 strae
290 3190 380 3240 per
416 3174 493 3226 111.
531 3175 857 3226 Dalmannum
887 3174 1197 3241 ‘propositam
1237 3174 1463 3226 defendit.
