1971 3517
1668 229 1747 290 31

90 413 242 478 datis,
291 414 451 463 fronte
487 412 614 463 intra
652 398 829 461 oculos
876 424 1022 476 quam
1073 408 1262 459 rhachis
1313 405 1524 458 dorsalis
1567 404 1758 465 latiore,

87 506 458 573 protuberantia
493 508 640 556 front.
678 505 961 571 pyriformi,
1011 504 1200 569 postice
1251 507 1456 567 anguste
1506 499 1759 566 peduncu-

88 603 212 665 lata,
251 603 391 653 sulco
430 602 626 652 verticis
665 601 936 667 profundo;
990 599 1148 649 oculis
1188 599 1371 665 absque
1420 597 1550 662 plica
1587 595 1760 661 palpe-

88 698 215 747 brali
252 699 420 759 infera,
458 698 589 747 linea
627 697 789 747 faciali
827 695 985 745 antice
1021 696 1309 754 rotundata;
1348 691 1622 743 abdominis
1649 692 1759 740 rha-

90 793 230 842 chide
269 794 541 845 articulata.
1180 784 1183 785 ⁷

307 888 746 938 Enlomostracites
786 903 1034 952 expansus
1073 886 1236 951 Whlg.
1275 898 1356 951 pg.
1395 882 1489 934 25.'

309 983 574 1034 Trilobites
615 983 902 1048 cornigeras
941 983 1160 1034 Schloth.

310 1079 540 1144 Asaphus
578 1079 866 1143 cornigeras
903 1080 1089 1143 Brngn.

310 1174 719 1239 Hemicrypturus
757 1174 1165 1239 Razoumovskyi
1204 1175 1384 1225 Green.

238 1270 440 1336 Species
495 1269 832 1334 vulgatissima
886 1269 938 1318 in
1007 1269 1144 1319 calce
1205 1271 1515 1345 transitoria,
1545 1273 1766 1326 inferiori

91 1366 316 1427 Sueciae‚
349 1365 646 1429 Norvegiae,
683 1364 1012 1427 Esthlandiae,
1051 1366 1267 1431 111griae3
1315 1367 1366 1416 in
1414 1369 1545 1419 saxis
1593 1371 1763 1422 erratis

91 1480 182 1528 per
220 1469 390 1511 omnes
430 1467 584 1510 terras
636 1461 698 1509 ad
745 1460 978 1511 balticum
1025 1461 1258 1535 pelagum>
1306 1463 1422 1514 sitas
1473 1471 1521 1515 et
1569 1482 1766 1518 omnem

92 1558 388 1608 Germaniae
425 1562 612 1622 partem
652 1556 1084 1621 septentrionalem
1124 1557 1359 1622 dispersa.

357 1653 440 1702 ll.
514 1651 802 1717 Asaphus
840 1652 1109 1703 Weissii
1146 1653 1328 1704 Eichw.

239 1750 302 1798 A.
343 1749 502 1814 capite
524 1748 918 1813 subtriangulari,
960 1748 1151 1813 angulis
1180 1750 1384 1814 posticis
1404 1751 1572 1815 acutis,
1604 1743 1765 1804 fronte

93 1846 222 1895 intra
260 1845 437 1895 oculos
473 1861 619 1911 quam
670 1844 830 1894 rachis
881 1844 1092 1895 dorsalis
1130 1845 1330 1908 latiore,
1373 1848 1571 1912 protub.
1618 1850 1767 1901 front.

96 1941 362 2006 marginem
401 1941 531 1990 haud
571 1940 862 2005 attingente,
900 1940 1033 1990 linea
1071 1941 1234 1991 faciali
1275 1942 1438 1992 antice
1477 1944 1767 2008 acuminata,

95 2054 211 2086 area
250 2037 412 2102 ampla
449 2038 660 2086 frontem
693 2036 1161 2097 'circumscribente3
1211 2038 1487 2090 abdominis
1537 2041 1767 2091 rhachide

95 2133 365 2183 articulata.
1512 2124 1516 2127 ²

314 2227 376 2279 A.
415 2228 620 2279 Weissii
673 2229 940 2291 Eichwald,
979 2230 1047 2279 tb.
1085 2230 1145 2279 ΙΙ.
1182 2229 1232 2280 2.
1276 2229 1431 2281 1825.

316 2323 377 2374 A.
417 2340 664 2390 expansus
719 2342 825 2376 var.
862 2309 1410 2392 raniceps‘DalmssIII.
1450 2328 1482 2378 f.
1523 2327 1571 2379 4.
1611 2328 1765 2380 1828.

314 2420 543 2487 Asaphus
581 2421 807 2487 raniceps
846 2423 1002 2473 Book.
1055 2422 1194 2485 Gaea
1229 2423 1496 2488 norvegica
1540 2423 1693 2475 1839.

316 2518 440 2566 Cum
480 2518 814 2570 antecedente.
1191 2581 1193 2583 Ι

245 2613 444 2678 Species
496 2614 617 2663 haec
662 2614 826 2664 multis
876 2615 1071 2680 quidem
1116 2615 1248 2665 notis
1302 2632 1412 2665 cum
1451 2617 1766 2667 antecedente

100 2702 264 2774 specie
304 2708 556 2771 convenit,
607 2715 769 2759 tamen
806 2690 1167 2761 characteribus
1205 2711 1255 2760 in
1294 2712 1516 2777 diagnosi
1550 2729 1658 2762 mea
1696 2714 1769 2762 al-

103 2804 216 2854 latis
254 2804 371 2854 satis
411 2804 471 2853 ab
509 2804 594 2853 illa
616 2805 810 2855 differre
848 2807 962 2855 mihi
982 2797 1278 2870 videturjut
1315 2808 1496 2873 speciei
1533 2809 1765 2874 propriae

100 2899 267 2949 locum
294 2904 460 2949 tenere
485 2901 654 2964 possit.
730 2902 1000 2967 Praecipue
1035 2903 1194 2952 differt
1225 2903 1383 2952 lineae
1408 2903 1594 2954 facialis
1618 2922 1767 2955 cursu

102 3000 215 3044 ante
254 2995 430 3045 oculos
469 3012 594 3061 quae
633 2996 827 3062 quidem
868 3003 978 3048 ante
1021 2999 1196 3048 oculos
1235 2999 1295 3047 ab
1333 2999 1418 3048 illa
1443 2998 1608 3050 lateris
1648 3000 1769 3050 alte-

101 3090 203 3140 rius
247 3107 422 3156 parum
473 3091 701 3156 divergit,
752 3109 910 3158 prope
962 3094 1024 3142 ad
1071 3093 1337 3159 marginem
1404 3095 1565 3146 subito
1615 3095 1767 3145 defle-

7 3218 10 3219 t
101 3185 269 3247 ctitur,
307 3187 358 3235 in
396 3187 559 3236 medio
597 3189 941 3253 hypostomate
978 3190 1130 3256 plano
1170 3191 1508 3256 progreditur,
1558 3190 1768 3258 denique

101 3297 210 3330 cum
249 3282 379 3331 linea
411 3282 566 3333 altera
603 3283 652 3333 in
692 3284 874 3349 angulo
914 3285 1093 3336 obtuso
1131 3302 1184 3336 se
1223 3285 1489 3352 coniungit·
