1971 3517
1722 259 1803 316 25

75 475 80 481 .
144 439 340 496 domine
389 438 615 504 utrinque
672 438 979 489 14-costat02
1030 436 1180 488 costis
1218 436 1393 486 leviter
1429 434 1652 485 sulcatis:
1699 434 1808 483 rha-

143 533 283 582 chide
330 532 537 582 19—22
578 534 848 585 articulata.

359 627 592 694 Asaphus
630 631 934 679 Hausmanni
973 629 1155 692 Brngn.
1195 625 1282 676 22.
1321 626 1386 675 tb.
1420 626 1502 677 ll.
1537 625 1585 675 4.
1627 624 1811 674 A—D.

441 755 514 761 -—-
636 723 854 775 Schloth.
883 723 1244 773 Petrefaktenk.
1283 722 1484 779 Nachtr.
1526 721 1603 770 ll.
1624 736 1701 786 pg.
1722 719 1810 768 20.

355 827 395 880 t.
435 822 609 871 XXII.
651 820 698 870 7.

365 916 628 965 Trilobitoe
667 917 873 965 Hausm.
912 914 1190 978 Sternberg,
1229 913 1394 963 bfflun.
1435 912 1577 962 Muh.

292 1013 347 1060 ln
387 1011 522 1060 calce
560 1019 711 1061 trans.
748 1011 849 1059 iun.
888 1010 1156 1059 Bohemiae
1197 1006 1452 1076 (Branik.)

421 1106 499 1155 Μ.
572 1107 657 1157 Ph.
695 1121 1018 1171 proaevus
1056 1122 1103 1155 n.
1143 1121 1218 1169 sp.

296 1203 382 1251 Ph.
422 1202 580 1267 capite
618 1218 791 1267 parum
825 1217 1065 1272 convexo,
1103 1199 1694 1264 rotundato-triangulari,
1733 1216 1820 1250 an-

150 1297 281 1362 gulis
330 1297 626 1359 rotundatis,
687 1297 828 1347 sulco
890 1295 1146 1360 marginali
1196 1294 1460 1360 posteriori
1511 1300 1560 1343 et
1607 1294 1819 1344 laterali:

152 1393 370 1456 margine
391 1393 679 1453 incrassato,
696 1394 855 1441 fronte
880 1391 1444 1455 acuminato-producta,
1472 1390 1820 1453 scabriuscula,

154 1488 311 1550 oculis
358 1488 564 1538 modicis
614 1504 642 1536 a
696 1488 961 1553 posteriori
1011 1492 1058 1536 et
1105 1487 1338 1536 anteriori
1384 1486 1555 1552 capitis
1606 1486 1822 1550 margine

58 1620 61 1623 χ
153 1599 310 1649 aeque
349 1583 663 1643 distantibus;
703 1584 887 1650 absque
927 1583 1068 1632 sulco
1107 1599 1200 1647 pro
1241 1582 1372 1631 linea
1410 1582 1588 1631 faciali.

374 1680 415 1727 E
444 1679 710 1728 Bohemiae
749 1694 871 1729 saxo
912 1678 1177 1743 argillaceo
1219 1678 1608 1745 (Grauwacke):
1651 1677 1822 1728 Ginec.

302 1774 680 1824 Protnberantia
734 1774 958 1824 frontalis
1005 1790 1180 1839 parum
1230 1789 1477 1834 convexa,
1535 1774 1824 1831 acuminata,

159 1869 416 1934 producta,
451 1870 601 1935 longe
639 1869 995 1935 pentagonalis,
1033 1868 1188 1918 tribus
1217 1868 1621 1933 impressionibus
1659 1869 1827 1931 incisa,

161 1982 368 2031 quarum
407 1966 622 2015 anterior
643 1965 932 2030 diagonaliS,
973 1964 1275 2030 posteriores
1310 1969 1642 2023 transversam
1679 1964 1826 2014 Iobus

163 2060 350 2109 anticus
400 2061 769 2126 trapezoideus,
818 2068 922 2111 toto
967 2061 1124 2125 capite
1171 2059 1320 2124 triplo
1358 2059 1571 2127 brevior.
1648 2059 1826 2109 Sulcus

160 2155 357 2205 verticis
395 2157 685 2220 profundus.
762 2157 932 2206 Genae
972 2156 1155 2222 absque
1185 2155 1325 2204 sulco
1364 2171 1458 2218 pro
1498 2154 1628 2203 linea
1667 2155 1829 2204 faciali

163 2251 226 2299 ad
264 2250 532 2315 marginem
571 2252 861 2302 exteriorem
902 2251 1075 2316 capitis
1112 2250 1480 2315 progrediente-
1550 2250 1697 2299 Oculi
1723 2266 1830 2300 mo-

163 2346 273 2407 dici,
312 2346 496 2411 pariter
534 2347 769 2396 distantes
811 2346 1076 2410 amargine
1116 2346 1361 2396 anteriore
1400 2350 1448 2395 et
1466 2345 1756 2411 posteriore,
1799 2362 1829 2394 a

164 2441 383 2505 margine
421 2448 624 2515 externo
659 2442 797 2507 genis
833 2442 945 2491 latis
983 2441 1212 2506 separati.

313 2537 572 2586 Abdomen
610 2537 922 2601 triangulare,
962 2536 1280 2597 fornicatum,
1319 2552 1484 2586 crasse
1524 2536 1830 2585 membrana-

167 2631 583 2681 ceo-limbatum:
630 2632 782 2682 limbo
833 2632 882 2681 in
932 2632 1139 2681 caudam
1185 2631 1522 2682 brevissimam
1570 2631 1831 2696 producto·

168 2726 377 2776 Rhachis
418 2726 671 2789 obconica,
711 2727 774 2775 ad
812 2727 998 2792 apicem
1038 2727 1375 2799 ipsam—finita,
1421 2726 1830 2783 11÷articulata.

169 2821 349 2870 Costae
388 2821 614 2888 utrinque
653 2822 699 2883 7,
739 2822 969 2883 sulcatae,
1009 2822 1276 2872 interstitiis
1313 2821 1533 2871 latiores.

314 2915 394 2965 An
432 2917 527 2965 hoc
565 2916 809 2966 abdomen
835 2918 918 2967 Ph.
957 2917 1162 2982 proaevi
1199 2917 1273 2978 sit,
1312 2916 1512 2966 dubium
1536 2921 1635 2975 est;
1673 2922 1835 2965 tamen

170 3017 218 3060 et
259 3027 319 3060 ex
356 3011 472 3060 loco
511 3012 675 3073 natali,
713 3029 812 3078 quo
851 3018 973 3062 teste
1012 3012 1326 3076 Sternbergio
1363 3011 1548 3062 nullius
1569 3011 1838 3061 Trilobitae

171 3106 330 3156 oculis
370 3105 650 3170 granulosis
688 3107 909 3171 praedita
947 3107 1221 3157 rudimenta
1252 3107 1451 3157 inventa
1490 3112 1652 3168 erant,
1690 3112 1738 3156 et
1775 3122 1837 3156 ex

173 3201 401 3266 analogia
438 3201 533 3251 hoc
571 3201 814 3252 coniicere
850 3201 980 3252 licet.
