1971 3517
204 205 287 264 48

200 378 475 430 tuberantia
511 380 778 443 turbinata,
815 381 1000 432 lobata.
1074 381 1335 437 Abdomen
1373 383 1722 450 squamiforme
1759 385 1868 434 tho-

200 474 328 525 racis
366 475 672 543 20—(21?)
713 477 956 526 articulati
993 479 1257 543 appendix,
1668 470 1676 476 ⁸

348 552 532 620 Beatus
550 572 744 622 Zenker
781 579 1042 639 sequentes
1083 591 1112 622 a
1149 574 1540 624 Paradoxidibus
1579 575 1870 642 anteceden->

202 665 330 716 tibus
378 667 639 731 separavit.
729 668 828 734 Qui
878 685 1173 736 quamquam
1223 670 1585 722 characteribus
1633 655 1887 720 distinctis

204 761 264 810 ab
315 762 412 811 illis
463 762 763 828 discrepant,
804 769 970 813 tamen
1021 765 1220 830 partitio
1270 765 1464 830 generis
1510 767 1732 830 Brongn.
1769 782 1872 815 non

203 856 320 907 satis
358 857 568 922 probata
606 859 720 908 mihi
757 859 965 910 videtur.
1696 841 1698 843 .

467 952 514 1002 7.
589 955 644 1003 P.
681 954 1189 1019 longicaudatus
1229 957 1382 1006 Zenk.

347 1049 400 1098 P.
444 1049 642 1099 thorace
679 1048 1096 1114 20—articulata‚
1134 1051 1418 1116 pleurarum
1439 1051 1743 1102 acuminibus
1780 1068 1874 1117 po·-

115 1205 118 1208 ,
203 1144 324 1193 stice
371 1144 551 1193 sensim
604 1145 869 1210 elongatis,
931 1147 1195 1213 postremis
1256 1148 1516 1197 abdomine
1565 1147 1677 1213 plus
1727 1164 1872 1214 quam
1939 1154 1944 1159 “

205 1239 354 1305 triplo
395 1239 719 1305 longioribus.

426 1336 616 1386 Olenus
653 1337 1031 1402 longicaudatus
1071 1339 1266 1388 Zenker
1301 1340 1334 1388 l.
1357 1356 1401 1390 c.
1440 1338 1528 1389 35.
1559 1334 1592 1389 tss
1615 1339 1676 1389 V.
1714 1337 1872 1388 Α-Ι,

423 1431 687 1482 Trilobites
722 1433 1008 1484 bohemicus
1046 1435 1234 1484 Boeck.

349 1528 405 1576 In
443 1527 607 1577 stratis
647 1528 893 1593 argilloris
930 1530 1199 1580 Bohemiae
1238 1529 1412 1580 obvius
1453 1529 1681 1596 (Gines).

301 1602 303 1606 ι
351 1624 405 1673 Ρ.
447 1623 708 1673 Tessini
755 1625 944 1689 Brngn.
1029 1627 1251 1676 Thorace
1289 1625 1357 1674 21
1401 1625 1682 1686 articulato;
1723 1624 1876 1675 abdo-

205 1719 334 1768 mine
385 1718 689 1784 spathulato‚
731 1720 1026 1785 epimeribus
1066 1721 1326 1787 postremis
1366 1721 1513 1786 triplo
1553 1721 1877 1771 brevioribus.

425 1815 481 1864 In
520 1814 703 1865 schisto
748 1815 1007 1866 aluminari
1045 1817 1424 1882 Vestrogothiae
1466 1817 1709 1883 (Olstrop,
1747 1819 1881 1866 Dae*

429 1915 619 1971 mann).

351 2007 654 2057 Entomostr.
705 2007 1041 2072 Bucephalus·
1082 2007 1249 2073 Whlg.
1312 2008 1413 2059 No,
1466 2007 1546 2058 10.
1598 2007 1665 2058 tb.
1732 2008 1775 2058 l.
1826 2007 1880 2061 6.

207 2103 335 2152 scuti
383 2107 570 2167 partem
610 2101 815 2152 inferam
853 2120 943 2168 per
979 2103 1159 2153 lineam
1199 2097 1421 2153 facialem
1458 2110 1734 2170 separatam
1772 2120 1881 2154 esse

206 2199 304 2247 iam
355 2198 707 2249 demonstravit
756 2196 820 2248 cl.
873 2200 1147 2265 Quenstedt
1187 2199 1222 2249 l.
1274 2217 1314 2249 c.
1675 2196 1681 2201 ⁸

353 2285 661 2344 Para‘dox.
701 2294 964 2344 Harlani
986 2295 1151 2345 Green
1178 2294 1499 2361 (Sillimann⁷s
1519 2296 1698 2346 Journ.
1724 2293 1882 2346 1834.

206 2390 342 2457 Jan.)
391 2386 567 2455 Neque
588 2390 860 2439 secundum
881 2390 1273 2456 descriptionem,
1313 2408 1473 2459 neque
1510 2391 1559 2440 in
1597 2392 1756 2456 figura
1791 2407 1882 2455 gy-

209 2502 330 2551 psea
370 2485 485 2534 mihi
524 2486 856 2536 characterem
894 2486 1132 2552 praebere
1172 2487 1396 2552 videtur,
1437 2503 1535 2554 quo
1576 2503 1604 2536 a
1642 2486 1882 2537 Trilobite

208 2590 381 2641 nostro
422 2581 625 2630 differat.

428 2676 779 2726 Trilobitarum
820 2678 1038 2729 omnium
1076 2679 1333 2729 maximus.

357 2773 588 2821 Ceterum
627 2789 656 2821 a
693 2773 812 2824 viris
857 2775 1051 2825 Zenker
1089 2781 1137 2825 et
1173 2775 1346 2825 Boeck
1384 2773 1529 2823 etiam
1562 2773 1732 2838 plures
1772 2787 1884 2836 spe-

209 2868 308 2917 cies
347 2867 602 2917 bohemiae
640 2869 978 2919 Paradoxides
1017 2870 1260 2920 bohemici
1297 2869 1572 2920 simillimae
1612 2849 1922 2932 descriptae„

208 2944 322 3013 sunt
363 2963 580 3030 (Olenus
618 2963 746 3014 latus
786 2970 834 3014 et
870 2966 1192 3030 pyramidalis
1230 2948 1393 3028 Zenkg
1421 2963 1684 3015 Trilobites
1722 2963 1886 3012 minor

209 3059 492 3124 (spinosus)
541 3063 588 3108 et
638 3060 836 3125 gracilis
886 3061 1110 3127 Boeck),
1162 3078 1369 3129 quarum
1419 3057 1763 3126 synonymiam
1801 3073 1887 3107 ex·
1938 3092 1945 3095 -

207 3154 379 3219 pedire
418 3170 630 3220 nequeo·

924 3276 1180 3285 ——v-ffl-
