1971 3517
118 220 199 278 54

115 395 278 460 Caput
317 410 607 456 convexum,
644 401 995 458 transversum,
1034 396 1364 459 rotundatum,
1404 376 1629 463 utri-nque
1648 397 1782 447 iuxta

114 491 323 540 frontem
363 491 632 553 sinuatum,
679 497 883 555 anguste
932 491 1278 556 marginatum:
1325 493 1543 557 margine
1590 493 1781 542 laterali

113 587 267 652 spinis
306 587 551 648 teretibus,
590 603 733 653 quam
779 586 840 635 ll
866 587 1103 651 pluribus,
1142 588 1371 652 angulum
1406 589 1647 653 posticum
1669 605 1780 638 ver-
1822 644 1825 647 ,

114 699 199 733 sus
238 683 418 733 sensim
467 682 801 747 longioribus,
850 700 1055 749 quarum
1112 692 1343 748 postuma
1391 685 1608 734 omniu-m
1654 684 1780 734 vali-

111 779 328 831 dissima.
401 778 776 829 Protuberantia
812 778 1036 828 frontalis
1073 778 1186 844 plus
1226 796 1369 845 quam
1390 779 1779 842 semicircularis‚

110 875 252 926 sulco
294 874 686 939 circumscripta,
728 891 964 937 convexa,
1003 875 1192 940 postice
1231 875 1360 924 ultra
1399 853 1663 940 marginem
1684 892 1777 940 po—

112 971 533 1022 stico-lateralem
573 970 721 1035 longe
760 971 1029 1036 producta,
1081 971 1238 1035 gibba,
1278 971 1419 1021 sulco
1455 972 1651 1021 verticis
1685 988 1776 1036 pa-

109 1084 216 1118 rum
256 1067 531 1132 profund03
571 1067 765 1131 protub.
804 1067 854 1116 in
893 1067 925 1115 3
966 1067 1290 1133 subaequales
1329 1071 1555 1131 reglones
1607 1067 1777 1129 divisa,

111 1179 317 1229 quarum
339 1163 498 1212 media
525 1163 665 1229 quasi
685 1163 877 1212 rhachis
917 1163 1127 1213 dorsalis
1150 1163 1451 1225 continuata,
1472 1163 1703 1229 utrinque
1740 1162 1774 1213 3

107 1258 253 1309 lobos
292 1259 478 1308 emittit.
555 1259 721 1309 Lobus
770 1259 959 1309 anticus
997 1259 1249 1319 minimus;
1297 1259 1486 1308 medius
1537 1265 1584 1308 et
1620 1260 1775 1324 posti-

109 1371 197 1405 cus
238 1355 425 1421 obliqui
463 1355 620 1404 antice
659 1373 768 1404 cum
808 1356 927 1404 lobo
980 1356 1079 1405 alio
1121 1356 1387 1417 exteriore,
1435 1360 1659 1418 arcuato,
1711 1356 1773 1404 ad

108 1451 283 1501 frontis
330 1451 486 1500 latera
537 1451 632 1501 sito
683 1453 952 1501 confluunt.
1040 1452 1210 1501 Genae
1274 1452 1599 1517 triangulares
1651 1468 1772 1501 con-

106 1563 278 1597 vexae.
356 1547 726 1608 Oculi‘nnnuti,
762 1546 1159 1612 protuberantiae
1197 1548 1427 1612 proximi.
1511 1548 1662 1597 Linea
1699 1549 1773 1597 fa-

111 1643 248 1693 cialis
278 1643 435 1692 antice
474 1644 522 1692 in
563 1644 872 1693 semicirculo
905 1646 1115 1693 frontem
1155 1645 1387 1705 ambiens,
1424 1661 1555 1709 pone
1596 1644 1771 1694 oculos

108 1746 267 1790 autem
290 1740 493 1805 margini
515 1741 708 1806 postico
736 1739 1080 1805 subparallela,
1102 1740 1311 1806 denique
1333 1757 1504 1804 parum
1535 1740 1664 1790 intus
1687 1740 1772 1788 de-

105 1837 234 1885 flexa
281 1853 391 1886 eum
440 1836 575 1885 iuxta
615 1836 847 1901 angulum
897 1824 1140 1901 posticum
1191 1836 1446 1900 attingens.
1483 1865 1556 1872 —
1639 1837 1772 1885 Tho--

105 1933 232 1983 racis
260 1939 406 1997 terga
444 1932 825 1997 prohlndissime
871 1932 1083 1989 sulcata}
1124 1932 1340 1996 epimera
1378 1931 1598 1993 linearia,
1635 1932 1770 1980 hori-

105 2029 347 2091 zontalia,
389 2029 535 2077 crista
581 2028 741 2077 media
780 2044 958 2087 evexa,
1006 2028 1373 2076 tuberculorum
1422 2028 1549 2077 serie
1598 2028 1770 2089 obsita,

105 2124 154 2173 in
206 2125 394 2190 spinam
443 2131 644 2174 teretem
710 2124 965 2189 elol‘lgata,
1031 2125 1177 2173 orista
1225 2124 1457 2188 marginis
1491 2124 1769 2182 ,anterioris

105 2220 320 2282 minima,
357 2221 687 2282 tuberculosa,
725 2221 775 2270 in
813 2221 1005 2285 spinam
1047 2237 1219 2285 parum
1270 2237 1413 2286 quam
1455 2220 1607 2269 altera
1656 2219 1767 2268 bre-

104 2317 291 2366 viorem
339 2322 622 2367 extenuata:
670 2317 823 2382 spinis
881 2317 1038 2366 antice
1077 2316 1338 2377 subrectis,
1378 2308 1767 2381 postioe‘magis

104 2413 356 2479 magisque
407 2413 644 2473 arcuatis,
694 2412 955 2478 postremis
1013 2412 1273 2461 abdomine
1317 2411 1639 2476 longioribus.
1695 2441 1768 2449 -—-

102 2507 365 2558 Abdomen
406 2508 749 2573 explanatum,
808 2509 968 2558 minus
1016 2525 1161 2574 quam
1218 2507 1601 2557 semicirculare:
1657 2508 1767 2556 rha-

104 2604 245 2653 chide
284 2605 475 2669 postice
513 2605 789 2667 rotnndata,
828 2608 1107 2654 transverse
1142 2604 1393 2664 bisulcata,
1431 2603 1582 2652 limbo
1614 2602 1767 2651 utrin-

103 2717 199 2767 que
237 2699 270 2748 6
309 2700 461 2766 spinis
500 2701 754 2765 teretibus,
794 2718 1000 2767 quarum
1032 2705 1204 2766 quarta
1241 2699 1465 2760 validior,
1503 2716 1779 2763 processus¹

102 2795 200 2846 tori
236 2796 503 2857 incrassati,
543 2796 602 2844 ab
643 2797 826 2846 annulo
877 2796 1118 2846 rhachidis
1167 2796 1325 2861 primo
1378 2795 1439 2844 ad
1499 2795 1764 2859 margine-n

102 2896 301 2941 arcuate
336 2891 709 2956 progredientis.

248 2987 511 3037 Trilobites
549 2994 720 3038 noster
757 3006 866 3038 cum
906 2989 1177 3052 Calymene
1234 2987 1559 3037 arachnoidea
1598 2986 1766 3036 Goldf.

102 3083 465 3149 Cryphaeoque
487 3084 686 3133 Greenii
725 3086 851 3134 forte
890 3085 1142 3134 cohortem
1177 3083 1428 3148 propriam
1451 3082 1764 3142 constituunt,

103 3178 381 3228 distinctam
421 3196 448 3227 a
488 3169 688 3247 reliquis
720 3180 905 3246 pleuris
938 3180 1098 3244 primo
1119 3179 1399 3239 linearibus,
1437 3178 1487 3227 in
1507 3177 1676 3243 spinas
1694 3181 1766 3227 te-

102 3279 231 3324 retes
272 3279 559 3328 extenuatis,
