1971 3517
1722 234 1801 294 11

147 403 411 471 viventium
484 401 755 451 normalem
824 403 1003 467 habet,
1085 404 1389 454 memorabili
1471 405 1620 456 modo
1692 407 1809 456 arti-

119 498 373 548 culorum
422 502 708 555 cunctorum
755 513 988 548 numerus
1035 498 1085 547 in
1122 499 1375 563 permultis
1413 499 1522 551 aliis
1558 501 1808 552 Trilobitis

149 592 404 652 convenit3
442 592 492 641 in
512 593 778 657 Calymene
797 593 1166 643 Blumenbachii
1186 610 1245 643 ex
1265 611 1335 659 gr.
1359 593 1426 645 13
1447 595 1679 646 articulos
1700 597 1808 646 tho-

148 687 275 756 racis
309 693 358 737 et
397 683 537 737 748
576 688 871 750 abdominis,
907 688 957 737 in
996 705 1184 738 summa
1220 688 1464 752 20—21,
1512 691 1563 740 in
1601 692 1806 756 Asapho

147 782 624 845 BuchiiSthoracis,
666 782 729 830 12
765 782 1050 846 abdominis,
1086 783 1136 833 in
1165 801 1353 834 summa
1399 785 1478 848 19,
1515 786 1566 834 in
1585 786 1808 837 Trimero

151 879 469 943 (Calymene)
511 877 950 943 delphinocephalo
1007 878 1071 929 13
1109 880 1384 929 thoracicos
1421 885 1469 929 et
1505 879 1684 930 8—10
1724 882 1809 930 ab-

73 1035 80 1036 ?
153 973 443 1035 dominales,
478 973 528 1021 in
567 990 755 1022 summa
791 971 857 1022 21
879 973 1030 1023 -23
1067 974 1299 1025 articulos
1338 974 1582 1026 rhachidis
1621 977 1808 1027 inveni-

146 1050 272 1118 mUS.
355 1070 501 1118 Hunc
548 1085 803 1118 numerum
850 1085 950 1118 non
1004 1069 1054 1119 in
1102 1070 1328 1120 omnibus
1379 1071 1585 1121 eundem
1631 1072 1809 1135 inveni,

147 1164 235 1214 sed
272 1164 561 1230 plerumque
599 1164 850 1227 minorem,
888 1165 1031 1214 facile
1066 1165 1323 1230 intelligaS,
1360 1182 1472 1215 nam
1495 1167 1685 1217 articuli
1723 1168 1809 1239 ab-

147 1259 420 1309 dominales
457 1276 651 1324 semper
688 1259 814 1308 inter
856 1276 909 1309 se
949 1261 1117 1322 iuncti,
1157 1261 1344 1326 apicem
1387 1262 1659 1313 abdominis
1698 1280 1809 1312 ver-

148 1370 233 1404 sus
270 1355 424 1419 magis
473 1355 725 1421 magisque
766 1355 963 1405 difficile
1004 1356 1392 1421 distinguuntur,
1441 1363 1494 1407 ut
1530 1364 1808 1423 postremos

148 1450 433 1514 saepissime
473 1449 672 1499 omnino
707 1467 809 1499 non
849 1450 1146 1516 distinguere
1165 1452 1426 1517 possimus.
1501 1454 1687 1518 Viginti
1724 1471 1811 1503 au-

147 1551 243 1594 tem
278 1562 533 1594 numerum
573 1545 914 1608 articulorum,
955 1547 1036 1612 qui
1072 1548 1259 1612 pleuris
1297 1548 1505 1613 praediti
1543 1556 1680 1611 sunt,
1717 1567 1810 1599 nu-

148 1656 335 1690 merum
373 1639 645 1690 normalem
685 1657 792 1690 esse
831 1658 891 1690 ex
931 1642 1279 1693 Trilobitarum
1318 1661 1497 1709 genere
1534 1661 1693 1707 nom,
1731 1646 1811 1695 cui

146 1751 328 1784 nomen
366 1735 791 1800 Odontopleuram
831 1737 1056 1802 imposui,
1096 1740 1196 1787 fere
1230 1740 1431 1804 probari
1452 1740 1564 1789 mihi
1602 1741 1808 1791 videtur.

150 1832 422 1880 Thoracem
444 1831 587 1881 huius
612 1831 879 1881 Trilobitae
920 1839 1106 1897 septem
1141 1835 1448 1884 articulatum
1489 1842 1535 1885 et
1569 1836 1618 1885 in
1657 1837 1809 1886 abdo-

146 1942 258 1974 men
294 1926 523 1992 utrinque
563 1926 920 1976 6-dentatum
958 1930 1291 1980 continuatum
1327 1931 1615 1992 invenimus,
1651 1932 1718 1980 ita
1755 1938 1807 1981 ut

148 2021 416 2071 Trilobitae
467 2022 658 2073 rhachis
702 2022 1101 2074 13—articulata
1139 2025 1379 2076 videatur.
1451 2027 1517 2076 At
1555 2027 1806 2092 bispinosa

146 2099 349 2180 pleura,
390 2134 534 2183 quam
573 2118 853 2169 abnormis?
900 2120 1040 2170 nullo
1078 2114 1128 2170 in
1181 2121 1279 2172 alio
1318 2123 1553 2172 Trilobite
1591 2123 1810 2189 bispino-

144 2228 224 2261 sas
262 2212 461 2277 pleuras
493 2212 716 2264 vidimus.
789 2215 926 2280 Age,
974 2216 1195 2281 pleuram
1232 2235 1475 2285 quamque
1514 2235 1573 2267 ex
1614 2220 1804 2270 duabus

150 2312 410 2357 connatam
450 2324 558 2358 esse
597 2316 890 2373 statuamus,
940 2317 988 2361 et
1039 2313 1197 2363 omnis
1236 2314 1498 2366 difficultas
1533 2315 1663 2364 victa
1700 2316 1806 2365 erit.

150 2401 303 2467 Spina
363 2419 586 2470 quaeque
642 2406 788 2456 unius
836 2408 1027 2457 articuli
1074 2414 1167 2471 est,
1214 2427 1448 2460 numerus
1491 2411 1806 2461 articulorum

147 2503 308 2547 autem
346 2499 639 2564 epimeribus
676 2501 1022 2553 instructorum
1058 2504 1225 2569 viginti
1262 2506 1386 2556 sicut
1424 2506 1473 2555 in
1493 2507 1802 2557 Paradoxide

148 2592 430 2653 bohemico;
467 2602 579 2644 nam
618 2596 667 2646 2.
711 2597 935 2661 7:14,
978 2599 1042 2648 14
1065 2600 1384 2673 ÷6=2Q
1457 2602 1552 2652 Hic
1589 2603 1805 2652 Trilobi-
1860 2600 1863 2603 ¹

153 2693 225 2738 tes
265 2706 408 2754 ergo,
454 2692 538 2758 qui
574 2693 735 2757 primo
773 2693 948 2744 intuitu
988 2712 1181 2751 omnem
1220 2698 1438 2762 regulam
1477 2705 1697 2750 evertere
1732 2699 1805 2749 vi-

148 2783 302 2847 detur,
341 2802 447 2836 eam
484 2787 747 2838 firmiorem
785 2790 959 2839 reddit.

291 2882 544 2946 Perpauca
578 2883 838 2933 abdomina
875 2886 1221 2937 Trilobitarum
1239 2889 1658 2942 multi-articulata
1694 2906 1803 2941 esse

146 2990 206 3024 ex
254 2976 492 3026 divisione
541 2978 858 3030 articulorum
903 2983 1142 3046 perfecta,
1202 2983 1342 3034 sulco
1390 2988 1704 3038 transversali
1750 2988 1797 3038 in

144 3070 252 3120 aliis
287 3071 383 3121 iam
423 3072 646 3136 indicata,
683 3075 1076 3141 interpretamur.

288 3167 364 3216 De
401 3167 748 3218 Trilobitarum
794 3171 1124 3235 affinitatibus,
1161 3173 1451 3241 priusquam
1488 3177 1704 3228 certiora
1735 3179 1797 3229 de

144 3259 349 3324 pedibus
387 3268 719 3331 apparatuque
756 3265 1042 3331 ingestionis
1079 3267 1275 3333 scimus,
1312 3287 1493 3321 novum
1533 3273 1796 3341 quidquam
