1971 3517
1662 236 1747 298 15

95 425 308 475 Silurian
347 424 554 488 System.
596 419 802 468 London
846 415 1027 485 1839),
1065 424 1207 482 quem
1248 415 1426 465 Illustr.
1468 413 1528 461 de
1550 414 1747 464 Dechen

96 517 550 569 benevolentissime
591 514 705 567 mihi
745 513 807 562 ad
826 512 1058 563 utendum
1099 511 1243 573 dedit,
1282 510 1384 560 duo
1419 526 1600 574 genera
1618 525 1750 558 nova

96 618 384 682 (Bumastos
419 618 469 662 et
501 607 860 674 Acidaspid‘es)
900 606 1164 657 constituit.

238 708 439 758 Relictis
495 705 721 756 omnibus
783 702 1028 768 prioribus
1083 701 1432 752 Trilobitarum
1489 700 1751 765 generibus

95 806 171 856 Cl.
197 805 467 871 Quenstedt
490 805 539 852 in
578 805 986 855 commentatione
1023 816 1184 849 rerum
1223 798 1446 846 ubertate
1483 795 1753 845 excellente

96 899 468 969 (Wiegmamfs
520 901 701 950 Archiv
744 899 893 949 1837.
932 900 1015 948 ΙΙΙ.
1057 897 1117 964 4)
1167 893 1432 945 Trilobitas
1480 891 1750 942 secundum

94 1014 346 1046 numerum
384 997 651 1045 liberorum
687 995 898 1045 thoracis
937 993 1255 1043 articulorum
1295 987 1549 1053 disposuit,
1586 986 1754 1050 dispo-

93 1093 210 1142 sitas
261 1093 488 1141 cohortes
538 1097 698 1140 autem
741 1107 843 1139 non
894 1089 1102 1154 amplius
1151 1085 1353 1135 definire
1410 1090 1616 1132 conatus
1665 1086 1755 1132 est.

95 1188 223 1237 Clar.
264 1187 513 1237 Boeckius
551 1186 600 1236 in
620 1186 971 1249 Norvagorum
993 1181 1342 1233 Trilobitarum
1365 1178 1590 1243 catalogo
1633 1177 1751 1237 (vid.

95 1283 231 1332 Gaea
267 1282 548 1346 Norvegica
597 1281 653 1347 l)
679 1297 745 1335 ‚se
782 1296 962 1331 novam
1015 1294 1185 1328 eorum
1226 1274 1598 1341 dispositionem
1637 1289 1755 1322 mox

93 1379 452 1444 publicaturum
492 1393 601 1427 esse
638 1376 875 1442 promisit.

238 1475 314 1523 De
347 1473 614 1538 principiis,
652 1489 778 1538 quae
815 1472 922 1536 ipse
959 1471 1009 1520 in
1029 1468 1378 1519 Trilobitarum
1414 1465 1688 1531 generibus,
1727 1480 1758 1514 a

96 1586 171 1619 me
209 1570 258 1618 in
294 1568 448 1617 altera
485 1567 910 1617 commentationis
949 1571 1089 1631 parte
1126 1563 1329 1629 speciali
1350 1561 1639 1627 propositis,
1682 1559 1756 1609 di-

25 1708 26 1712 ,
93 1664 315 1716 videndis
353 1671 498 1729 atque
535 1661 990 1712 circumscribendis
1027 1665 1224 1711 secutus
1262 1676 1369 1709 sum
1406 1673 1757 1719 commemoro,

94 1777 194 1822 me,
228 1765 282 1809 ut
318 1758 498 1808 Illustr.
528 1757 947 1822 --Brongniartum,
987 1755 1286 1820 respexisse,
1325 1753 1578 1830 quomodo
1617 1752 1758 1818 pleu-

93 1872 177 1905 rae
216 1858 528 1919 comparatae
567 1858 742 1914 essent,
780 1851 1032 1919 quomodo
1071 1850 1205 1901 oculi
1244 1848 1538 1913 constructi,
1577 1848 1661 1914 qui
1698 1847 1758 1897 li-

93 1967 214 2000 neae
251 1949 437 1998 facialis
476 1965 663 2010 cursus,
701 1953 911 2014 quantus
931 1947 1250 1996 articulorum
1287 1944 1649 1994 thoracicorum
1665 1959 1757 1993 nu-

92 2061 272 2096 merus,
347 2044 560 2094 Minoris
587 2043 820 2093 momenti
849 2059 957 2093 esse
994 2041 1110 2092 mihi
1146 2042 1304 2091 visum
1345 2045 1431 2101 est,
1469 2056 1615 2106 quam
1637 2055 1756 2088 con-

91 2141 194 2191 nati
232 2139 505 2189 abdominis
543 2139 762 2201 articuli,
799 2155 945 2205 quam
982 2137 1198 2202 insignes
1235 2136 1362 2185 duae
1397 2124 1558 2186 lineae
1595 2135 1756 2199 longi-

92 2235 349 2296 tudinale5‚
387 2239 550 2284 utrum
577 2235 714 2284 frons
751 2234 919 2284 lobata
957 2250 1020 2283 an
1057 2232 1245 2297 integra
1282 2235 1427 2281 esset.

785 2623 953 2676 PARS
991 2625 1050 2675 11.

614 2741 1225 2808 Pars'systematica.

523 2914 527 2917 7
576 2857 926 2909 Character
976 2859 1272 2909 familiae.

234 2975 480 3024 Animalia
516 2975 789 3025 Articulata
828 2978 1109 3026 Crustacea.

237 3072 398 3136 Caput
435 3069 780 3135 clypeiforme:
822 3070 1062 3136 ‘epimeris
1101 3067 1245 3135 primi
1283 3067 1476 3117 articuli
1525 3066 1751 3117 oculiseri

89 3165 293 3230 (genae)
343 3181 372 3215 a
419 3170 560 3230 tergo
613 3165 827 3234 (fronte)
873 3165 1006 3216 linea
1062 3163 1225 3215 faciali
1268 3162 1532 3228 separatis;
1592 3161 1749 3211 oculis
