1971 3517
179 211 259 271 18

329 384 462 434 Sect.
504 382 564 431 11.
640 381 808 431 Lobus
860 381 1314 446 suprapalpebralis
1366 397 1588 446 magnus.
1672 385 1848 433 Protu-

630 476 850 526 berantia
887 475 1117 526 frontalis
1158 477 1315 526 antice
1336 476 1550 539 dilatata,
1590 478 1846 529 turbinata.

322 592 363 622 e.
401 573 631 639 Epimera
666 571 996 621 horizontalia
1045 573 1095 620 in
1134 571 1301 636 spinas
1343 577 1520 623 teretes
1571 579 1846 631 extenuata.
1885 602 1890 613 =

320 671 413 719 IX.
503 668 1007 733 Odontopleura
1054 684 1102 717 n.
1166 684 1301 732 gen.v
1365 667 1511 718 Oculi
1567 669 1846 721 laevissimi.

174 767 373 815 Thorax
411 763 440 813 7
482 762 941 828 (?)—articulatus:
994 760 1232 828 epimeris‘
1275 762 1516 831 (pleuris)
1567 765 1848 831 bispinosis.

173 861 434 911 Abdomen
472 860 736 909 dentatum.

319 957 530 1022 Cryph
546 971 698 1005 aeus
739 955 921 1004 Green.
1000 954 1147 1004 Oculi
1184 955 1740 1019 granuloso-reticulati.

526 1148 574 1199 l.
650 1147 954 1211 Phacops
995 1147 1121 1196 Gen.
1161 1163 1277 1197 nov.

317 1245 571 1308 Corpus
610 1243 661 1291 in
695 1242 896 1307 globum
938 1242 1243 1292 contractile.

318 1341 528 1404 Caput
578 1338 770 1403 angulis
823 1338 1016 1387 muticis
1063 1355 1110 1387 v.
1153 1338 1440 1402 cornigeris.
1515 1337 1846 1388 Protuberan-

168 1436 236 1486 tia
292 1435 516 1485 frontalis
576 1433 718 1485 sulco
770 1433 1162 1498 circumscripta,
1221 1434 1333 1498 plus
1386 1434 1606 1483 minusve
1663 1434 1875 1485 lobata.'

169 1531 321 1581 Oculi
336 1531 603 1596 permagni,
639 1530 1205 1591 truncato-coniformes,
1228 1530 1420 1592 exserti,
1458 1546 1615 1594 gran
1630 1523 1845 1580 u'loso-

168 1626 547 1677 reticulati:
589 1626 771 1676 areolis
812 1626 1010 1691 paucis,
1061 1626 1143 1675 vix
1197 1625 1433 1675 ducentas
1481 1625 1845 1677 excedentibus.

168 1725 338 1775 Genae
387 1723 727 1788 triangulares.
815 1723 1012 1771 Linea
1062 1721 1333 1772 facialis
1385 1738 1516 1787 pone
1567 1722 1742 1772 oculos
1781 1723 1844 1771 ad
1894 1780 1895 1783 Ἴ

158 1821 435 1885 marginem
472 1819 810 1869 lateralem
849 1819 1022 1883 capitis
1060 1819 1259 1869 reflexa.

313 1918 571 1967 Thorax
612 1914 1157 1983 (ll'?)—a1·ticulatus:
1197 1914 1413 1964 articulis
1451 1914 1714 1979 profunde⁴
1739 1914 1843 1964 sul-

166 2012 312 2074 catis,
357 2011 585 2077 epimeris
637 2012 777 2076 apice
841 2000 1143 2073 rotundatis,
1206 2011 1255 2059 in
1316 2011 1535 2074 margine
1596 2010 1842 2060 anteriore

166 2107 387 2158 acutatis.

308 2202 632 2253 Abdomen
662 2192 1002 2265 eostatum,
1043 2201 1344 2252 rhachide
1385 2201 1755 2252 articulata.

311 2300 480 2349 Genus
529 2301 625 2349 hoc
672 2316 790 2365 prae
843 2299 949 2349 aliis
984 2298 1198 2362 insigne,
1235 2299 1361 2347 bene
1400 2298 1836 2362 circumscriptum,

163 2396 391 2461 notisque
427 2378 653 2460 pluribus
685 2412 713 2444 a
741 2394 942 2461 reliquis
982 2394 1260 2443 distinctum
1299 2399 1487 2458 partem
1507 2392 1835 2458 Asaphorum,

161 2497 350 2557 partem
410 2491 791 2556 Calymenarum
851 2488 1016 2540 Auctt.
1062 2490 1384 2554 amplectitur.
1473 2489 1605 2538 Clar.
1659 2492 1829 2554 Quen-
1891 2501 1898 2510 ·

162 2587 290 2636 stedt
325 2587 512 2651 primus
550 2586 676 2636 inter
715 2602 887 2660 omnes
927 2585 1191 2634 Trilobitas
1231 2585 1390 2635 oculis
1437 2584 1834 2649 granuloso-re-

161 2681 372 2732 ticulatis
410 2682 674 2731 instructos
712 2682 761 2730 in
808 2682 1061 2731 cohortem
1099 2697 1238 2730 suam
1277 2681 1629 2730 Trilobitarum
1684 2680 1832 2729 11—-

162 2777 566 2842 articulatorum,
639 2794 784 2844 quam
856 2776 1119 2841 assignavit
1186 2776 1430 2841 supremis
1519 2776 1828 2826 formationis

161 2872 470 2922 transitoriae
508 2873 694 2934 stratis,
737 2872 959 2936 collegit,
1009 2872 1148 2921 cuius
1189 2873 1405 2921 cohortis
1445 2873 1682 2922 maiorem
1717 2887 1832 2936 par·

160 2971 259 3016 tem
303 2952 354 3016 in
391 2984 545 3031 genus
585 2985 746 3017 meum
794 2968 1053 3028 coniunxi,
1105 2968 1345 3017 minorem
1399 2968 1515 3016 alibi
1569 2966 1829 3017 collocavi.
1894 2972 1908 2981 ’“

160 3061 279 3111 Non
329 3078 499 3112 omnes
549 3064 744 3129 quidem
793 3063 936 3112 huius
977 3063 1170 3127 generis
1205 3064 1399 3128 species
1447 3063 1543 3113 soli
1581 3061 1832 3113 transitio-

159 3157 236 3207 nis
274 3157 554 3207 formationi
590 3159 771 3209 iuniori
808 3158 1041 3223 propriae
1080 3163 1218 3221 sunt,
1257 3159 1345 3208 sed
1381 3159 1531 3221 longe
1562 3157 1832 3222 plurimae:

160 3251 227 3301 ita
263 3257 318 3302 ut
355 3253 632 3318 aptissimae
683 3255 743 3304 ad
785 3259 991 3304 aetatem
1043 3253 1148 3303 eius
1187 3253 1606 3303 determinandam
1645 3256 1693 3302 et
1745 3267 1831 3301 co-
