1971 3517
158 232 238 291 14

154 405 471 471 Asaphorum.
506 416 710 466 prorsus
748 400 937 450 nullum
963 402 1307 466 characterem,
1345 419 1447 469 quo
1484 412 1622 457 certe
1640 407 1810 456 distin-

154 502 237 567 gui
263 499 465 566 possint,
506 496 726 550 invenio:
760 512 871 545 nam
911 495 1073 546 solum
1112 497 1432 548 articulorum
1471 515 1726 550 numerum
1767 503 1814 550 in

154 598 227 646 his
265 591 477 653 8-12,
515 591 566 640 in
603 591 701 640 illis
746 589 972 641 12--14
1009 608 1245 657 generum
1282 593 1611 645 characterem
1647 593 1816 646 distin—

154 694 333 743 ctivum
371 688 568 738 unicum
607 703 730 748 esse,
768 687 897 736 haud
917 687 1228 752 probandum
1246 693 1383 754 puto,
1420 664 1687 756 praecipue
1706 708 1816 741 cum

155 789 300 838 trium
339 786 465 834 inter
510 782 726 848 quinque
765 782 825 830 ab
863 782 938 831 111.
977 784 1309 847 Brongniarto
1349 784 1637 835 constitutas
1670 802 1819 851 gene-

151 885 218 933 ris
256 881 568 945 Asaphorum
607 878 795 943 species
814 894 1047 928 numerus
1068 878 1387 929 articulorum
1427 879 1489 928 ad
1527 880 1816 930 hodiernum

148 980 276 1063 diem
314 990 519 1042 prorsus
558 973 754 1037 ignotus
794 973 871 1022 sit.
946 974 1310 1038 Brongniartus
1347 975 1454 1039 ipse
1492 981 1540 1025 et
1578 976 1662 1042 qui
1701 992 1811 1025 eum

146 1074 301 1126 secuti
338 1075 475 1131 sunt,
509 1070 828 1131 Dalmmmus,
868 1069 1108 1120 Greenius
1146 1086 1293 1136 quam
1331 1070 1502 1120 incerti
1550 1071 1815 1135 praecipue

73 1203 74 1206 =
146 1172 274 1220 inter
311 1167 605 1232 Calymenas
644 1174 692 1214 et
728 1164 965 1229 Asaphos
1006 1170 1169 1214 essent
1207 1165 1343 1226 fines,
1382 1165 1506 1214 bene
1544 1172 1814 1227 senserunt,

145 1267 234 1318 sed
278 1281 340 1314 ne
387 1266 694 1312 tentaverunt
749 1259 943 1326 quidem
995 1259 1229 1310 certiores
1279 1261 1594 1311 constituere.
1679 1262 1815 1310 Haec

144 1377 302 1429 pauca
340 1356 764 1416 demonstrabunt,
815 1372 959 1421 quam
997 1356 1183 1404 incerta
1221 1360 1420 1420 recepta
1457 1355 1810 1406 Trilobitarum

141 1472 324 1524 genera
361 1454 470 1515 sint,
509 1467 751 1519 quamque
788 1467 993 1500 necesse
1018 1459 1072 1500 ut
1110 1450 1444 1500 emendentur.

286 1551 463 1602 Visum
501 1553 595 1609 est,
632 1552 687 1596 ut
723 1563 929 1611 genera,
968 1562 1093 1612 quae
1131 1545 1538 1610 Brongniartanis
1578 1546 1809 1596 adiuncta

141 1653 267 1709 sunt,
304 1644 517 1696 breviter
536 1642 867 1692 enumeranda
887 1647 1063 1691 essent.
1136 1638 1285 1690 Anno
1314 1639 1449 1689 1825
1490 1640 1592 1690 Cel.
1631 1640 1811 1691 Eich-

139 1743 297 1794 wald
336 1741 395 1801 (l.
420 1743 487 1803 c.)
527 1739 980 1803 Cryptonymorum
1007 1752 1162 1801 genus
1193 1751 1256 1784 ex
1282 1734 1593 1800 Asaphorum
1612 1736 1808 1800 Brong-

137 1838 284 1889 niarti
321 1841 460 1902 parte
497 1832 762 1893 constituit,
836 1831 984 1882 Anno
1028 1830 1166 1881 1826
1205 1830 1412 1895 Deckay
1448 1847 1633 1881 novum
1650 1831 1808 1881 Isote-

138 1936 301 2006 lorum
339 1945 495 1996 genus
534 1928 728 1989 detexit,
770 1927 905 1994 quod
941 1927 1252 1977 Dalmannus
1291 1927 1386 1976 iam
1431 1923 1569 1976 1828
1609 1926 1660 1975 in
1685 1926 1805 1976 Μο-

136 2027 408 2095 nographia
445 2041 535 2076 sua
570 2022 870 2074 Palaeadum
905 2021 1221 2088 Asaphorum
1258 2021 1586 2086 genuinorum
1625 1997 1805 2086 subge-

135 2125 243 2176 neri
291 2121 543 2173 adiunxit.¹
600 2118 906 2168 Dalmannus
956 2133 1141 2168 novum
1178 2117 1374 2184 quidem
1413 2133 1568 2181 genus
1606 2116 1658 2166 in
1695 2118 1804 2166 Tri-

136 2221 399 2271 lobitarum
437 2221 653 2281 systema
688 2229 791 2264 non
830 2212 1128 2274 introduxit,
1166 2212 1254 2261 sed
1293 2211 1525 2276 Asaphos
1565 2211 1616 2261 in
1653 2210 1685 2259 5
1725 2227 1802 2261 se-

135 2316 322 2367 ctiones
344 2311 519 2372 divisit,
557 2326 678 2377 quas
699 2308 942 2358 Greenius
961 2308 1337 2373 (Monography
1358 2307 1412 2357 of
1431 2308 1515 2356 the
1537 2306 1800 2357 Tritobites

136 2413 193 2463 of
224 2406 657 2460 North-America.
729 2403 1068 2468 philadelphia
1107 2402 1270 2467 1832)
1310 2402 1358 2451 in
1399 2401 1678 2466 dignitatem
1715 2416 1798 2465 ge-

132 2523 307 2559 nerum
356 2502 531 2554 evexit.
617 2499 877 2551 Novorum
915 2514 1148 2564 generum
1186 2499 1292 2563 ipse
1333 2497 1575 2547 Greenius
1612 2512 1797 2561 propo-
1828 2517 1831 2521 ¹

133 2603 230 2653 suit
278 2599 336 2663 6,>
365 2597 878 2661 Hemicrypturorum‚
939 2594 1273 2644 Trimerorum
1293 2632 1304 2653 ‚
1357 2591 1800 2659 Cryptolithorum‚

132 2697 497 2763 Dipleurarum‚
536 2692 882 2752 Ceraurorum,
921 2689 1300 2749 Triarthrorum‚
1340 2687 1516 2753 quibus
1556 2684 1690 2736 1837
1711 2702 1810 2751 ge--

130 2809 223 2844 nus
263 2789 632 2855 Cryphaeorum
667 2785 900 2834 adiunxit.
941 2813 1011 2822 —--
1065 2783 1214 2833 Anno
1259 2781 1398 2831 1833
1438 2781 1633 2831 Zenker
1659 2782 1795 2846 (Bei4

129 2891 265 2952 tr'age
304 2902 393 2935 zur
429 2881 865 2947 Naturgeschichte
903 2880 990 2929 der
1027 2877 1275 2939 Vorwelt)
1315 2877 1409 2926 tria
1444 2891 1627 2940 genera
1662 2891 1794 2925 nova

128 2979 581 3046 Concephalorum,
621 2974 1158 3041 Ellipsocephalorum‚
1199 2972 1491 3022 Otarionum
1529 2969 1791 3036 proposuit
1872 2982 1873 2985 ’

127 3074 587 3139 Paradoxidumque
624 3087 781 3136 genus
820 3069 1081 3119 emendare
1119 3072 1327 3119 conatus
1355 3072 1444 3116 est.
1485 3093 1547 3104 --
1609 3064 1788 3113 Illustr.

127 3167 534 3224 Murchinsonius
571 3167 620 3216 in
639 3164 813 3231 grandi
832 3166 1138 3231 copiosoque
1171 3162 1488 3226 libro‘nuper
1510 3159 1641 3209 edito
1683 3159 1789 3218 (the
