1971 3517
265 329 494 378 Rachidis
533 329 735 391 articuli,
775 343 984 393 quorum
1008 325 1212 392 quisque
1238 325 1510 390 posteriore
1532 328 1671 388 parte
1692 340 1782 372 sua

121 424 414 473 anteriorem
465 429 652 490 partem
692 422 904 489 proximi
956 421 1145 470 articuli
1186 420 1513 485 amplectitur,
1565 420 1615 468 in
1655 419 1783 468 dire-

119 518 282 567 ctione
319 535 418 568 una
465 519 729 584 posteriori
777 517 1022 566 anteriore
1071 516 1258 565 moveri
1295 497 1580 580 potuerunt,
1627 513 1783 563 facul-

119 614 230 662 tatis
272 619 433 662 autem
471 613 700 662 movendi
750 630 840 677 per
875 613 1157 677 pleurarum
1193 616 1501 680 *structuram
1550 609 1784 674 suppedi-

117 713 247 757 tatae
285 709 453 773 plures
487 709 669 772 gradus
721 708 851 773 apud
891 707 1157 756 Trilobitas
1196 705 1490 766 invenimus,
1532 721 1645 769 pars
1684 721 1787 753 ma-

117 803 196 852 ior
233 819 403 852 eorum
442 796 501 852 ‘in
539 803 741 867 globum
787 819 841 852 se
880 803 1168 852 contrahere
1206 806 1421 866 poterat,
1473 816 1588 865 pars
1627 780 1789 848 minor

116 898 208 947 hac
246 898 485 947 facultate
514 900 616 947 fere
656 899 857 947 omnino
901 897 1128 947 destituta
1167 904 1283 958 erat,
1321 896 1533 946 medium
1573 895 1788 947 tenuisse

117 992 346 1042 videntur
382 991 633 1057 Ampyces
678 998 724 1042 et
777 993 1088 1058 Cryptolithi.
1174 993 1230 1041 In
1271 991 1497 1041 omnibus
1537 991 1787 1040 Tril'obitis
1837 1008 1847 1013 ·

116 1087 167 1136 in
204 1087 404 1151 globum
455 1087 822 1138 contractilibus
860 1089 1062 1153 pleurae
1101 1088 1239 1153 apice
1267 1088 1485 1136 deflexae
1524 1103 1788 1152 earumque

117 1177 348 1247 marginis
389 1183 534 1232 antici
572 1189 759 1248 partem
801 1184 1092 1233 exteriorem
1132 1200 1235 1248 per⁴
1272 1183 1472 1248 planum
1513 1188 1786 1232 extrorsum

117 1276 361 1326 late'scens
412 1286 657 1356 actitatum
698 1279 946 1337 videmus,
987 1296 1086 1344 quo
1126 1279 1328 1343 pleurae
1366 1265 1653 1327 imbricatim
1694 1278 1790 1326 alia

120 1388 271 1436 super
308 1373 452 1422 aliam
491 1373 610 1437 poni
630 1379 859 1438 poterant
897 1374 976 1441 (iu
998 1373 1291 1438 Calymenis,
1329 1372 1530 1438 Asapho
1570 1389 1789 1438 expanso
1826 1375 1830 1380 ’

118 1467 308 1516 lllaeno
350 1468 664 1517 crassicanda
703 1474 794 1518 etc.
833 1448 955 1535 etc.)
1044 1473 1156 1534 Quo
1197 1469 1356 1518 minus
1394 1485 1563 1533 margo
1603 1469 1792 1518 anticus

120 1568 344 1612 acutatus
385 1568 480 1623 est,
520 1580 618 1629 quo
653 1564 1009 1625 horIzontalior
1048 1564 1243 1629 pleura‚
1289 1579 1348 1613 eo
1393 1564 1630 1613 minorem
1671 1580 1792 1614 con-

119 1656 353 1707 volvendi
391 1657 669 1707 facultatem
710 1660 999 1709 invenimus.

215 1752 221 1761 ’“
266 1752 526 1802 Abdomen
566 1772 594 1803 e
634 1754 858 1818 pluribus
901 1755 1117 1805 articulis
1137 1754 1264 1804 iuter
1301 1747 1354 1804 se
1391 1754 1581 1821 iunctis>
1607 1755 1791 1804 forma-
1850 1768 1863 1779 ¹·

116 1852 220 1896 tum
259 1847 309 1896 in
350 1848 554 1899 diversis
592 1849 848 1913 speciebus
887 1866 1059 1900 omnes
1081 1849 1408 1900 concretionis
1448 1850 1645 1900 illorum
1681 1866 1794 1915 gra-

121 1943 213 1992 dus
251 1944 466 2007 praebet.
541 1944 620 1993 Ab
663 1943 937 1994 abdominis
977 1945 1193 1995 articulis
1216 1946 1317 1995 suis
1356 1945 1653 2010 marginibus
1675 1961 1793 1994 suo-

110 2054 219 2104 sque
264 2038 405 2088 sulco
452 2040 768 2090 transversali
821 2040 1196 2091 distinctissimis
1245 2057 1400 2107 usque
1451 2041 1512 2089 ad
1560 2040 1793 2106 articulos

120 2132 172 2182 in
231 2139 423 2198 scutum
483 2134 876 2206 integerrimum,
933 2136 1263 2186 laevissimum
1327 2141 1593 2198 connatOS,
1641 2152 1795 2202 quos-

122 2244 316 2295 cunque
378 2246 515 2279 mens
563 2231 841 2294 excogitare
896 2237 1060 2297 potest
1096 2233 1277 2296 gradus
1315 2231 1641 2281 inveniuntur.
1738 2232 1795 2280 In

120 2323 388 2388 Calymene
443 2324 814 2375 Blumenbachii
868 2343 969 2377 non
1026 2327 1186 2377 solum
1245 2327 1478 2377 articulos
1516 2326 1617 2376 suis
1654 2325 1795 2391 pleu-

118 2418 187 2469 ris
239 2419 536 2484 distinguere
581 2437 872 2486 possumus,
921 2423 1008 2472 sed
1059 2423 1261 2487 pleurae
1313 2422 1438 2472 adeo
1491 2421 1794 2485 marginibus

119 2513 224 2564 suis'
274 2503 658 2579 disgrediuntur,
697 2523 752 2566 ut
789 2522 956 2568 costae
996 2517 1290 2579 abdominis,
1347 2533 1541 2582 semper
1590 2534 1617 2565 e
1663 2533 1793 2565 mar-

118 2609 312 2673 ginibus
362 2611 679 2660 articulorum
729 2613 940 2662 duorum
988 2613 1261 2662 vicinorum
1314 2612 1503 2663 coalitis
1542 2613 1792 2672 formatae,

122 2703 186 2752 ad
225 2704 413 2769 apicem
452 2706 630 2756 bifidae
670 2708 1052 2774 conspiciantur,
1126 2730 1130 2733 ·

268 2800 467 2850 Corneo
491 2807 840 2852 -crustaceum
913 2804 1037 2852 scuti
1108 2803 1331 2867 capitalis
1400 2803 1794 2867 integumentum,

130 2894 274 2942 etIam
313 2896 362 2943 iu
401 2896 554 2945 latere
593 2897 749 2947 infero
793 2898 1356 2964 capitisaliquantulum
1397 2898 1708 2962 productum,
1767 2913 1794 2945 e

123 2989 346 3052 partibus
386 2990 608 3054 pluribus
662 3010 752 3056 per
787 2999 983 3043 suturas
1031 2994 1156 3042 inter
1195 3010 1247 3043 se
1286 2994 1477 3044 iunctas
1534 2995 1794 3042 formatum

122 3099 248 3145 esse,
287 3085 404 3134 satis
445 3092 650 3138 constat.
728 3092 946 3154 Quarum
1002 3092 1280 3138 suturarum
1335 3089 1458 3139 duas
1471 3103 1478 3105 “
1507 3087 1794 3146 invenimus,

129 3194 332 3242 quarum
374 3180 526 3230 altera
565 3190 751 3246 partem
788 3183 1066 3234 inferiorem
1107 3201 1136 3232 a
1174 3181 1428 3249 superiore
1466 3187 1684 3248 separat,
1722 3180 1793 3230 al-
