1971 3517
174 168 211 223 6

169 375 244 419 ter
281 369 533 434 disseram.
619 371 759 419 Duae
808 370 953 435 igitur
1004 377 1167 435 partes
1218 371 1639 421 comment-ationis
1675 352 1825 423 ‘meae

169 469 296 527 sunt,
333 464 574 529 generalis
613 471 660 514 et
698 465 1022 530 systematica.
1664 460 1665 463 ’

692 632 858 683 PARS
915 630 1301 682 GENERALIS.
1361 678 1366 683 .

305 752 342 800 1.
418 750 883 799 Trilobitarum
934 749 1292 814 descriptio
1342 750 1684 814 generalis.

313 847 377 896 Ut
415 846 578 895 omnia
616 845 841 894 animalia
880 844 1165 907 Articulata,
1208 845 1274 893 ita
1312 845 1576 895 Trilobitas
1611 838 1827 895 ex'certo

169 957 374 991 numero
415 940 759 1001 articulorum,
811 956 1020 1005 quorum
1057 939 1180 989 alius
1220 940 1368 988 alium
1408 940 1609 1004 excipit,
1647 941 1829 989 forma-

169 1043 248 1086 tos
284 1036 535 1085 videmus:
576 1035 658 1101 qui
697 1035 918 1099 articuli,
958 1035 1129 1084 iisdem
1172 1051 1365 1099 semper
1401 1035 1643 1099 primariis
1680 1036 1831 1100 parti-

168 1132 261 1181 bus
301 1130 581 1195 compositi,
628 1130 770 1178 aliam
821 1136 983 1179 tamen
1040 1130 1479 1179 conformationem
1518 1130 1567 1178 in
1607 1130 1713 1180 aliis
1751 1147 1829 1179 re-

166 1225 394 1291 gionibus
432 1224 697 1275 subierunt.
744 1227 799 1274 In
838 1225 1086 1275 Trilobitis
1133 1225 1259 1275 sicut
1295 1224 1345 1273 in
1383 1225 1490 1274 aliis
1527 1226 1830 1291 perfectiori-

168 1321 259 1371 bus
298 1320 586 1379 animalibus
633 1317 899 1370 articulatis
939 1320 1243 1385 (Crustaceis
1293 1325 1341 1368 et
1383 1304 1610 1382 Insectis)
1651 1336 1831 1384 corpo-

167 1417 234 1466 ris
287 1415 516 1480 regiones
567 1415 864 1479 distinguere
901 1431 1164 1480 possumus
1202 1420 1323 1464 tres:
1362 1420 1521 1479 caput,
1568 1416 1854 1495 thoracem,-¹

172 1511 429 1561 abdomen.

313 1608 474 1670 Caput
512 1606 565 1654 in
603 1604 853 1654 Trilobitis
893 1621 1085 1669 semper
1115 1610 1302 1653 scutum
1343 1621 1677 1669 permagnum,
1723 1606 1833 1654 tho-

170 1704 299 1752 racis
353 1700 656 1750 latitudinem
707 1716 969 1764 superans,
1024 1699 1311 1765 plerumque
1350 1700 1525 1749 oculos
1566 1700 1693 1750 duos
1732 1700 1831 1750 dis-

171 1801 333 1846 cretos
389 1795 550 1844 ferens
603 1794 918 1859 conspicitur.
1011 1795 1209 1843 Thorax
1271 1811 1298 1844 e
1345 1801 1506 1856 cei-tc,
1562 1795 1830 1844 secundum

129 1900 134 1904 '
169 1892 382 1957 speciem
421 1895 581 1939 autem
632 1889 769 1950 vario
807 1889 1074 1938 liberorum
1114 1889 1453 1951 articulorum,
1503 1889 1704 1939 totidem
1743 1906 1832 1954 ap-

170 1986 458 2052 pendicibus
504 1984 787 2034 lateralibus
820 1974 1000 2034 >liberis
1055 1985 1422 2049 instructorum,
1462 1964 1668 2035 numero
1709 2000 1832 2034 con-

172 2088 293 2141 stat3
332 2081 606 2130 abdominis
646 2080 855 2146 denique
892 2080 1004 2145 plus
1045 2081 1201 2129 minus
1241 2080 1437 2129 connati
1458 2086 1647 2129 scutum
1679 2080 1832 2129 abdo-

169 2178 282 2226 nale
321 2176 518 2242 capitali
558 2175 838 2240 oppositum
879 2176 1091 2226 formare
1131 2175 1308 2225 solent.
1385 2177 1510 2224 Cum
1549 2175 1609 2224 de
1661 2175 1831 2240 capite,

172 2274 386 2334 thorace,
425 2271 683 2322 abdomine
720 2270 910 2338 loquar,
944 2276 1059 2320 utor
1095 2271 1312 2321 terminis
1352 2269 1401 2319 in
1434 2270 1664 2335 zoologia
1700 2286 1833 2319 nunc

173 2368 344 2418 solitis.
433 2367 612 2417 Illustr.
651 2367 974 2432 Brongniart‚
1015 2367 1096 2432 qui
1134 2374 1323 2416 scutum
1362 2365 1567 2430 capitale
1605 2364 1831 2430 cephalo-

176 2462 382 2524 thoraci,
429 2463 677 2523 thoracem
728 2468 889 2511 autem
926 2461 1172 2511 abdomini
1210 2461 1546 2526 comparabat,
1586 2460 1832 2509 abdomini

171 2575 356 2609 novum
393 2575 573 2621 nomen
612 2558 862 2622 imponere
911 2563 1110 2606 coactus
1151 2547 1426 2606 terminum>
1453 2557 1833 2622 post-abdomi-

171 2654 248 2704 nis
294 2654 615 2731 proponebat.
689 2654 867 2702 Illustr.
922 2653 1165 2701 Dalmann
1228 2652 1339 2701 huic
1388 2652 1594 2701 termino
1660 2657 1832 2701 contra

174 2749 371 2814 linguae
417 2749 596 2797 latinae
652 2749 787 2812 leges
844 2749 973 2797 facto
1031 2747 1287 2796 terminum
1337 2747 1521 2812 pygidii
1574 2746 1832 2797 substituit.

177 2845 276 2894 Sed
315 2861 463 2910 quum
500 2861 600 2892 non
636 2844 827 2892 videam
868 2860 955 2892 cur
991 2843 1156 2892 reiecti
1193 2844 1304 2906 sint,
1345 2859 1437 2907 ego
1476 2843 1633 2893 solitis
1671 2841 1833 2892 termi-

177 2939 268 3000 nis,
311 2939 485 3003 capite,
523 2940 734 2998 thorace,
775 2938 1033 2987 abdomine
1062 2943 1195 2999 utar.

322 3035 378 3083 ln
429 3034 647 3098 partibus
698 3033 1018 3093 elementariis
1075 3033 1392 3083 articulorum
1450 3031 1835 3098 contemplandis

181 3130 549 3184 accomodatius
570 3129 697 3194 ¹mihi
731 3128 923 3179 videtur
978 3145 1006 3177 a
1045 3128 1258 3178 thoracis
1295 3146 1437 3195 quam
1477 3145 1507 3178 a
1545 3127 1716 3193 capitis
1754 3131 1837 3175 aut

181 3225 453 3276 abdominis
505 3223 722 3277 articulis
771 3224 997 3291 incipere.
1066 3224 1160 3280 ,Ill.
1216 3223 1475 3289 Andouin‚
1524 3222 1605 3291 qui
1651 3222 1836 3289 primus
