1971 3517
133 233 214 293 12

133 408 294 478 afferri
341 414 680 474 non-potest3
728 410 945 459 omittam
997 409 1143 482 igitur
1180 426 1284 461 eam
1324 412 1683 478 quaestionem,
1732 427 1793 462 ne

131 504 416 570 saepissime
452 503 581 555 dicta
620 510 667 554 et
704 505 931 563 omnibus
967 511 1086 556 nota
1123 511 1353 571 repetam.

157 674 215 722 11.
300 675 387 725 De
435 673 788 740 generibus
838 674 1310 725 Trilobitarum
1360 675 1564 725 adhue
1612 692 1765 726 con-

829 770 1095 821 stitutis.

274 886 521 938 Linnaeus
559 903 732 938 omnes
753 887 1314 954 Trilobitarum‘species
1350 889 1398 937 in
1430 888 1624 939 unicam
1642 904 1794 951 suam,

127 982 510 1033 Entomolithum
576 983 884 1048 paradoxum
944 984 1166 1034 confudit
1226 990 1273 1034 et
1336 984 1595 1035 VValchius
1670 1002 1795 1052 quo-

128 1096 224 1146 que
261 1079 311 1129 in
349 1078 515 1143 amplo
555 1079 615 1128 de
640 1059 1397 1130 Petrefactis‘libroKnorriano
1440 1082 1635 1143 formas,
1674 1097 1795 1147 qua-

127 1192 235 1224 rum
286 1175 612 1225 diversitatem
662 1175 788 1224 bene
834 1175 1166 1239 intellexerat,
1216 1193 1447 1241 separare
1494 1192 1598 1226 non
1646 1154 1795 1226 ausus

129 1277 215 1321 est.
298 1270 656 1320 Bruennichius
714 1271 901 1336 primus
962 1271 1180 1321 diversas
1228 1272 1418 1336 species
1482 1272 1795 1336 systematice

96 1411 97 1415 ,
130 1367 330 1416 definire
369 1366 564 1431 incepit,
602 1383 745 1432 quem
784 1367 965 1416 Illustr.
1003 1367 1440 1431 Wahlenbergius‚
1479 1368 1681 1416 Linnaei
1723 1367 1797 1416 di·

127 1480 263 1529 gnus
291 1479 576 1524 successor,
618 1462 776 1512 omnis
815 1462 1162 1521 Trilobitarum
1206 1463 1437 1512 scientiae
1478 1463 1795 1513 accuratioris

128 1566 324 1621 auctor,
365 1563 561 1609 secutus
601 1563 686 1608 est.
762 1559 877 1619 Hic,
935 1575 1112 1622 magno
1152 1559 1426 1623 specierum
1464 1575 1670 1626 numero
1711 1559 1796 1608 de-

126 1656 311 1721 scripto
376 1655 533 1721 iisque
583 1654 857 1703 secundum
916 1654 1175 1703 oculorum
1224 1660 1517 1703 structuram
1554 1660 1698 1720 atque
1735 1654 1796 1703 li-

125 1768 248 1801 neae
269 1750 470 1811 facialis,
510 1766 653 1816 quam
677 1729 862 1814 primus
881 1749 1083 1811 viderat,
1124 1749 1441 1799 directionem
1480 1750 1531 1799 in
1571 1750 1794 1799 ordinem

127 1847 389 1913 dispositis,
432 1846 559 1895 viam
600 1846 826 1907 ostendit,
866 1861 963 1911 qua
1001 1845 1371 1918 progredientes
1393 1845 1665 1895 naturalem
1694 1846 1794 1895 dis-

127 1943 419 2008 positionem
471 1940 689 1990 omnium
722 1929 1078 1990 >Trilobitarum
1124 1941 1408 1990 faceremus.
1459 1941 1560 1990 -ΙΙΙ,
1599 1943 1793 2006 Brong-

127 2039 363 2101 niartum,
405 2036 486 2103 qui
527 2036 699 2086 eodem
739 2037 840 2085 fere
882 2041 1104 2101 tempore
1142 2037 1288 2086 solita
1327 2037 1589 2101 sagacitate
1629 2034 1793 2087 Trilo-·

125 2136 333 2185 bitarum
372 2132 601 2182 familiam
640 2137 974 2197 perscrutatus
1013 2137 1097 2194 est,
1135 2131 1503 2197 Wahlenbergii
1545 2150 1792 2182 commen-

128 2232 373 2292 tationem,
412 2229 546 2296 quod
569 2229 906 2277 Suecanorum
928 2228 1278 2277 Trilobitarum
1319 2228 1587 2293 specimina
1625 2229 1668 2278 ei
1707 2230 1792 2278 de-

128 2329 352 2388 ficerent,
398 2341 500 2374 non
535 2324 650 2374 satis
688 2324 943 2374 aestimare
983 2341 1137 2390 eaque
1175 2324 1243 2373 uti
1282 2324 1526 2388 potuisse,
1566 2325 1791 2388 profecto
1830 2335 1832 2337 “

129 2440 274 2490 quam
313 2421 521 2471 maxime
554 2420 818 2470 dolendum
857 2422 946 2470 est.
1018 2419 1376 2484 Brongniartus
1412 2419 1598 2484 primus
1629 2419 1792 2469 Trilo-

128 2520 336 2568 bitarum
378 2517 591 2582 species,
632 2532 805 2580 magna
841 2520 980 2581 parte
1020 2515 1080 2563 ab
1119 2516 1229 2580 ipso
1266 2514 1581 2577 constitutas,
1620 2515 1669 2564 in
1707 2532 1792 2580 ge-

127 2631 247 2665 nera
298 2614 559 2678 disponere
608 2612 861 2673 studebat,
898 2628 1107 2677 quorum
1146 2611 1359 2676 quinque
1399 2610 1790 2675 Calymenarum,

128 2708 455 2775 Asaphorum,
494 2707 821 2772 Ogygiarum,
858 2706 1245 2767 Paradoxidum‚
1296 2707 1553 2756 Battorum
1603 2697 1807 2771 propo-¹

131 2806 241 2856 suit.
315 2804 390 2853 Ex
428 2803 502 2854 his
539 2805 757 2868 Battum,
784 2802 1143 2852 excludendum
1179 2802 1374 2866 putavi,
1419 2818 1531 2850 cum
1567 2802 1788 2867 plurimis

130 2898 480 2971 Trilobitarum
502 2899 860 2948 characteribus
882 2898 1136 2948 destitutus
1175 2897 1253 2947 sit.
1330 2901 1556 2963 Quatuor
1572 2897 1788 2969 reliquo--

129 3012 239 3044 rum
289 3010 520 3058 generum
572 2994 867 3045 differentias
917 2994 967 3043 in
1012 2993 1326 3060 sequentibus
1377 2992 1785 3057 comparabimus,

130 3097 186 3140 ut
224 3090 535 3154 intelligatur,
571 3095 734 3140 utrum
768 3090 912 3140 certis
933 3088 1290 3140 characteribus
1329 3088 1526 3139 defiuita
1560 3088 1673 3152 sint,
1711 3103 1785 3137 an

132 3201 254 3254 non
292 3184 434 3236 sint.
