1971 3517
181 204 262 264 10

168 358 510 430 ¹Paradoxides
564 384 710 442 etc.);
762 379 997 445 perpauci
1034 380 1192 430 oculis
1230 381 1429 430 omnino
1469 382 1683 432 destituti
1720 376 1833 434 sunt

175 475 448 542 (Ampyces
485 490 596 524 cum
632 474 1003 540 Cryptolithis];
1049 474 1246 524 illorum
1287 481 1447 526 autem
1494 482 1682 542 partem
1727 454 1831 527 Au-

176 576 338 621 ctores
362 587 471 620 cum
495 568 758 630 Trilobitis,
796 569 879 635 qui
914 569 1090 620 oculos
1118 570 1400 622 reticulatos
1419 572 1686 636 possident,
1723 572 1832 622 iun-

176 671 354 716 xerunt
400 665 693 730 (Calymene
738 665 1158 729 Blumenbachii),
1206 672 1394 739 partem
1442 667 1585 716 aliam
1632 685 1831 718 coecam

168 761 455 811 habuerunt.

320 858 444 906 Cum
483 855 714 921 episterni
751 861 891 921 parte
928 855 1088 905 media
1125 856 1232 906 Viri
1269 857 1423 908 Illust.
1462 858 1650 922 Dekay,
1687 858 1831 908 Eich-
1909 912 1912 915 ,
1964 869 1966 871 ’

170 951 302 1017 wald
347 951 1045 1018 (Geognostico-zoologicae
1091 968 1181 1017 per
1214 952 1433 1017 Jngriam
1472 959 1560 1003 etc.
1599 969 1690 1003 nec
1726 970 1830 1003 non

172 1049 232 1098 de
270 1047 520 1097 Trilobitis
559 1047 943 1098 observationes.
983 1048 1142 1097 Casan
1190 1047 1322 1096 1825
1363 1054 1415 1097 tt.
1453 1049 1536 1098 ΙΙΙ.
1580 1049 1627 1099 l.
1665 1048 1741 1113 6.)
1781 1054 1828 1098 et

170 1144 287 1194 Sars
334 1143 642 1193 invenierunt
694 1158 784 1207 per
838 1148 1056 1192 suturam
1104 1143 1416 1192 coniunctum
1464 1144 1827 1193 memorabilem

169 1244 470 1304 apparatum,
521 1238 846 1304 compositum
881 1244 931 1286 in
968 1237 1170 1302 Asapho
1218 1255 1438 1303 expanso
1497 1240 1614 1299 (Isis
1672 1238 1823 1289 1836.

166 1334 292 1387 341.
331 1340 365 1385 t.
413 1336 533 1396 IX.)
582 1350 610 1383 e
659 1350 896 1398 processu
943 1333 1238 1383 horizontali
1292 1335 1582 1396 rotundato,
1636 1335 1826 1399 postice

164 1429 409 1496 profunde
445 1429 675 1495 bipartito
713 1429 928 1478 sinuato:
965 1428 1094 1478 lobis
1127 1429 1434 1489 acuminatis3
1473 1446 1500 1478 a
1531 1430 1669 1479 cuius
1705 1447 1825 1495 pro·

168 1543 335 1576 cessus
380 1525 597 1589 margine
644 1524 887 1574 anteriore
943 1524 1078 1572 iuxta
1127 1524 1421 1588 episternum
1468 1525 1615 1575 Iobus
1664 1526 1823 1575 tenuis

169 1621 466 1683 alaeformis,
519 1626 802 1685 angustatus
857 1626 902 1668 et
943 1619 1149 1685 denique
1188 1621 1479 1670 rotundatus
1518 1621 1567 1669 in
1608 1637 1726 1669 arcu
1762 1621 1822 1670 li·

162 1734 304 1768 neam
332 1717 564 1769 „facialem
604 1715 898 1779 adgreditur.
973 1716 1240 1765 Processus
1269 1716 1374 1780 ipse
1393 1716 1533 1764 labro
1569 1716 1667 1781 Api
1706 1733 1822 1765 can-

165 1813 405 1863 criformis
443 1811 741 1869 simillimus;
782 1827 842 1859 an
881 1827 1144 1875 processus
1183 1811 1261 1860 isti
1300 1811 1589 1861 alaeformes
1630 1810 1820 1862 mandi-

162 1910 391 1959 bulorum
438 1907 740 1957 rudimenta?
791 1902 972 1956 Similis
1021 1922 1283 1971 processus
1329 1906 1625 1956 labriformis
1673 1917 1720 1956 et
1768 1908 1820 1956 in

159 2005 348 2054 Illaeno
387 2003 699 2053 crassicanda
737 2008 784 2051 et
820 2002 870 2050 in
907 2001 1091 2051 Isotelo
1111 2002 1303 2066 gigante
1344 2007 1392 2051 et
1423 2002 1473 2050 in
1511 2003 1820 2053 Parado'xide

160 2100 352 2151 Tessini
389 2099 615 2148 inventus
655 2102 740 2147 est.

306 2196 382 2245 111.
423 2193 715 2244 Goldsussio
755 2191 978 2256 contigit,
1016 2197 1071 2241 ut
1107 2192 1257 2257 pedes
1294 2192 1561 2242 natatarios
1599 2193 1661 2241 ad
1700 2209 1820 2242 con-

163 2291 392 2343 cretionis
430 2289 554 2355 tergi
591 2306 702 2339 eum
748 2288 952 2353 pleurae
995 2288 1158 2337 locum
1199 2288 1373 2337 affixos
1411 2288 1674 2351 detegeret3
1725 2303 1817 2352 ego

160 2389 266 2454 ipse
319 2394 478 2436 autem
527 2386 577 2434 in
616 2383 837 2450 pluribus
876 2383 1223 2433 Trilobitarum
1276 2382 1623 2448 speciminibus
1671 2382 1816 2432 sectis

161 2484 244 2534 vix
283 2499 454 2533 eorum
492 2479 695 2545 vestigia
729 2479 948 2528 invenire
986 2474 1225 2543 poteram.

306 2580 476 2628 Restat
499 2581 553 2625 ut
576 2592 712 2624 num
729 2591 894 2624 erum
921 2574 1240 2624 articulorum
1277 2572 1658 2623 consideremus.
1713 2575 1815 2622 Lex

160 2673 291 2727 valet
326 2675 462 2735 haec,
497 2677 552 2721 ut
575 2687 674 2737 quo
711 2670 868 2720 maior
887 2669 1098 2719 thoracis
1138 2685 1197 2719 eo
1226 2669 1386 2718 minor
1426 2660 1698 2718 abdominis
1737 2685 1816 2717 ar-

159 2770 422 2820 ticulorum
472 2783 704 2816 numerus
748 2766 822 2815 sit.
910 2765 965 2813 Id
1015 2764 1147 2831 quod
1196 2780 1255 2813 ex
1301 2763 1440 2813 nullo
1491 2763 1589 2813 alio
1636 2779 1814 2828 genere

162 2866 315 2930 magis
365 2864 525 2914 elucet
574 2878 718 2928 quam
768 2877 829 2910 ex
865 2860 1265 2920 Paradoxidibus,
1314 2860 1579 2924 praecipue
1627 2877 1653 2908 e
1702 2861 1813 2909 Par.

161 2960 368 3012 Tessini.
440 2960 496 3008 In
531 2958 625 3007 isto
665 2956 805 3017 enim,
845 2956 983 3005 cuius
1005 2955 1244 3005 abdomen
1265 2955 1312 3003 in
1355 2955 1670 3020 appendicem
1703 2954 1813 3002 bre-

159 3074 267 3107 vem
307 3053 548 3104 rhachidis
587 3052 796 3102 dorsalis
834 3051 1086 3100 reductum
1125 3056 1220 3112 est,
1270 3067 1412 3116 quam
1452 3050 1713 3098 maximum
1750 3049 1811 3098 li-

160 3153 384 3202 berarum
410 3148 689 3214 pleurarum
714 3163 968 3195 numerum
1008 3145 1125 3210 (20)
1163 3146 1450 3207 invenimus,
1488 3126 1698 3211 quocum
1719 3159 1810 3194 nu-

163 3262 312 3307 mero,
347 3260 487 3311 quem
528 3242 707 3292 illustr.
748 3242 905 3291 Milne
926 3241 1162 3292 Edwards
1201 3240 1415 3291 omnium
1445 3226 1808 3291 crustaceorum
